1702 2722
1287 126 1335 165 17

58 219 184 264 enim
217 218 269 262 in
301 217 538 261 montibus
569 215 760 272 sanctis,
793 215 901 270 quia
933 213 1089 270 diligit
1121 230 1222 258 eam
1258 214 1337 259 do-

56 296 210 340 minus
241 309 377 351 super
398 293 554 337 omnia
583 292 882 336 tabernacula
913 291 1075 334 Jacob.
1109 291 1338 348 Gigantes

57 388 155 418 non
197 377 460 430 potuerunt
499 370 734 427 attingere
771 369 973 426 vestigia
1013 368 1184 426 pedum
1221 370 1337 425 eius,

58 456 107 494 et
127 450 283 507 aquile
304 463 398 493 non
430 448 713 492 volaverunt
743 461 889 503 usque
921 446 981 491 ad
1013 446 1188 490 collum
1220 445 1336 491 eius.

58 529 314 584 Paupertas
343 539 416 569 res
448 528 520 568 est
552 523 803 579 singularis
845 538 984 579 quam
1015 524 1168 566 omnis
1199 523 1337 567 homo

58 605 318 649 contemnit
348 618 401 646 eo
433 602 557 659 quod
600 617 695 645 non
726 601 971 645 invenitur
1000 602 1051 644 in
1083 606 1208 645 terra
1237 615 1338 645 sua-

58 682 178 726 viter
206 681 483 738 viventium,
533 686 772 737 propterea
811 680 1134 724 absconditum
1176 685 1247 724 est
1277 680 1337 724 ab

57 758 205 803 oculis
235 773 409 802 eorum.
456 758 682 802 Volucres
702 757 791 799 celi
821 757 950 800 latet.
1004 758 1132 801 Deus
1164 758 1338 801 intelli-

53 836 126 893 git
144 836 265 880 viam
287 836 402 890 eius,
421 838 469 877 et
486 835 640 878 locum
658 835 755 877 eius
774 835 876 891 ipse
897 835 1045 879 novit.
1080 836 1130 879 Si
1140 840 1194 879 tu
1211 850 1335 893 ergo,

55 927 82 958 0
112 912 267 967 frater,
299 912 371 956 vis
403 912 644 967 pervenire
677 911 735 954 ad
759 927 858 955 eam
893 927 1010 955 exue
1043 919 1090 956 te
1123 914 1336 958 vestibus

54 989 356 1034 iocunditatis
388 994 468 1032 tue
499 996 546 1034 et
578 988 757 1046 depone
789 1003 923 1033 omne
957 990 1141 1046 pondus
1173 997 1222 1034 et
1253 992 1338 1035 cir-

56 1070 317 1110 cumstante
349 1070 608 1122 peccatum,
641 1066 750 1122 quia
769 1066 866 1109 nisi
895 1066 1048 1110 nudus
1069 1067 1217 1111 fieris
1237 1083 1335 1112 non

54 1143 230 1200 poteris
261 1143 319 1187 ad
350 1158 451 1186 eam
482 1143 730 1187 ascendere
753 1144 911 1200 quein
953 1148 1132 1188 tantam
1164 1162 1213 1190 se
1245 1150 1337 1191 001-
1403 1196 1405 1198 ,

53 1221 165 1278 ligit
194 1220 504 1265 altitudinem.
530 1220 620 1265 Sed
640 1222 748 1278 quia
769 1222 979 1279 benigna
1000 1228 1085 1277 est,
1108 1222 1246 1266 facile
1269 1225 1337 1268 vi-

55 1299 191 1344 detur
220 1300 278 1342 ab
310 1299 399 1342 hiis
432 1300 512 1356 qui
554 1299 762 1356 diligunt
783 1316 883 1343 eam
917 1306 964 1344 et
994 1302 1240 1345 invenitur
1276 1303 1335 1346 ab

59 1377 117 1421 iis
148 1377 226 1434 qui
259 1382 460 1433 querunt
490 1377 631 1422 illam.
697 1379 915 1436 Cogitare
949 1378 1006 1422 de
1038 1380 1132 1437 illa,
1164 1380 1335 1426 frater:

58 1469 224 1498 sensus
241 1459 314 1498 est
344 1460 646 1498 consumatus
669 1460 717 1497 et
739 1456 820 1512 qui
841 1455 1115 1513 vigilaverit
1146 1463 1336 1515 propter

53 1533 183 1576 illam
205 1532 319 1576 satis
341 1532 430 1576 erit
449 1545 649 1575 securus.
674 1531 873 1575 Assume
904 1533 1049 1577 sotios
1080 1534 1256 1592 fideles,
1280 1542 1335 1579 ut

52 1610 102 1652 in
132 1611 309 1653 montis
341 1624 534 1653 ascensu
556 1610 702 1653 utaris
735 1610 930 1653 consilio
962 1611 1170 1667 ipsorum
1188 1619 1237 1656 et
1257 1628 1335 1656 au-

52 1687 166 1730 xilio
198 1686 424 1741 fulciaris,
458 1687 566 1744 quia
586 1702 644 1730 ve
679 1689 780 1740 soli,
816 1688 855 1731 si
888 1688 1110 1732 ceciderit
1142 1689 1199 1733 ab
1222 1691 1334 1734 alte-

52 1779 104 1808 ro
142 1763 378 1809 fulcietur.
453 1765 708 1808 Tantorum
744 1765 891 1823 igitur
928 1766 1090 1811 habito
1123 1769 1331 1826 consilio,

54 1842 188 1885 venit
218 1842 381 1885 beatus
423 1843 703 1886 Franciscus
747 1848 796 1885 et
828 1843 974 1900 elegit
1005 1844 1229 1901 quosdam
1263 1861 1332 1890 so-

56 1917 146 1962 tios
175 1918 266 1963 sibi
297 1918 457 1962 fideles
490 1935 594 1963 cum
637 1920 806 1977 quibus
847 1935 1097 1977 properans
1140 1923 1332 1968 devenit

55 1993 113 2038 ad
143 1999 359 2040 montem.
408 1998 473 2040 Et
505 1996 625 2040 dixit
656 1997 880 2041 fratribus
927 1999 1023 2042 suis
1058 2025 1104 2030 —
1155 2001 1330 2044 Venite

51 2071 356 2117 ascendamus
376 2073 434 2117 ad
455 2079 663 2118 montem
687 2075 864 2119 domini
887 2081 936 2119 et
956 2076 1014 2120 ad
1037 2077 1224 2122 domum
1247 2079 1331 2124 do-

54 2150 179 2193 mine
210 2151 520 2208 Paupertatis,
538 2159 591 2196 ut
613 2152 776 2197 doceat
798 2168 882 2198 nos
914 2155 1015 2198 vias
1047 2170 1152 2199 suas
1174 2161 1223 2199 et
1239 2172 1332 2200 am-

54 2227 264 2270 bulemus
294 2227 344 2270 in
377 2229 555 2272 semitis
578 2218 687 2274 eius,
733 2232 942 2288 Cumque
966 2247 1023 2275 ex
1046 2234 1174 2276 omni
1196 2240 1329 2290 parte

52 2304 402 2348 considerarent
434 2307 606 2350 montis
637 2323 882 2353 ascensum
916 2318 1105 2368 propter
1136 2313 1330 2356 nimiam

51 2381 351 2426 altitudinem
385 2388 431 2425 et
465 2385 763 2439 asperitatem
795 2387 910 2444 eius,
946 2387 1136 2444 quidam
1169 2404 1328 2433 eorum

194 2477 262 2508 2-12
281 2493 315 2498 —
336 2477 487 2513 opusc-011
506 2478 681 2511 danteecm.
