1702 2722
443 198 580 250 Ecce,
598 196 775 250 fratres,
796 196 978 239 retexui
1001 197 1135 240 vobis
1156 197 1284 253 longi
1306 197 1532 256 sermonis
1555 210 1633 255 pa-

355 275 559 325 rabolam
591 279 645 316 ut
675 273 930 329 procedant
962 273 1184 329 palpebre
1228 287 1413 330 gressus
1455 278 1633 331 vestros

356 357 404 396 et
430 351 644 396 veritatis
669 351 782 408 quid
803 367 938 408 agere
961 351 1181 395 debeatis.
1217 351 1539 411 Periculosum
1560 354 1633 409 est

354 428 493 480 valde
534 429 845 486 retrospicere
887 434 933 472 et
977 428 1176 472 illudere
1222 430 1334 480 Deo.
1397 429 1633 489 Demones

355 510 507 549 estote
540 506 697 549 uxoris
730 506 856 549 Loth
888 511 936 549 et
971 506 1122 550 nolite
1159 507 1288 549 omni
1330 506 1501 563 spiritu
1539 520 1635 564 cre·

355 584 476 627 dere.
500 584 694 628 Confido
717 590 878 628 tamen
896 585 952 628 de
971 585 1125 639 vobis,
1143 585 1390 640 karissimi,
1413 585 1522 642 quia
1542 598 1634 643 ma-

356 662 428 718 gis
461 662 510 704 in
545 661 679 704 vobis
711 677 851 718 quam
884 662 934 704 in
968 662 1134 705 ceteris
1172 662 1310 706 video
1351 662 1545 717 meliora
1586 666 1635 704 et

356 738 582 782 viciniora
611 738 766 794 saluti,
813 753 951 795 quum
996 738 1223 782 videmini
1266 739 1424 783 omnia
1445 738 1634 797 penitus

355 815 590 869 abiecisse,
624 815 680 858 de
705 815 922 859 omnibus
952 817 1139 872 penitus
1169 831 1253 860 vos
1278 830 1538 861 exornasse.
1572 815 1636 858 Et

357 890 413 934 de
444 891 535 934 hiis
566 892 783 935 omnibus
815 892 1183 936 efficacissimum
1214 897 1544 949 argumentum
1566 897 1636 935 est

356 968 498 1012 michi
530 970 702 1012 montis
736 969 873 1013 huius
895 970 1117 1025 ascensio,
1151 970 1210 1014 ad
1232 985 1370 1026 quem
1392 968 1529 1025 pauci
1551 983 1636 1010 un-

356 1062 494 1103 quam
516 1047 748 1103 attingere
773 1052 1037 1103 potuerunt.
1072 1047 1165 1092 Sed
1188 1047 1291 1091 dico
1314 1046 1461 1103 vobis,
1495 1045 1636 1089 amici

356 1125 464 1180 mei,
497 1124 620 1181 quod
650 1125 903 1167 multorum
935 1124 1116 1167 malitia
1148 1125 1375 1168 bonorum
1406 1123 1635 1166 virtutem

356 1202 498 1245 michi
529 1201 710 1244 faciunt
752 1216 847 1244 esse
889 1207 1153 1258 suspectam
1190 1205 1238 1244 et
1270 1201 1356 1258 sub
1389 1200 1637 1244 vestimen-

356 1277 416 1320 tis
440 1278 598 1320 ovium
625 1277 760 1333 lupos
792 1292 979 1334 rapaces
1010 1277 1283 1335 frequenter
1305 1280 1495 1333 experta
1517 1290 1633 1318 sum.

356 1355 505 1411 Cupio
538 1358 663 1397 certe
696 1361 742 1398 te
783 1369 1164 1411 unumquemque
1206 1360 1414 1398 vestrum
1455 1357 1636 1396 sancto-

355 1447 458 1476 rum
488 1433 774 1476 imitatorem
806 1433 939 1486 effici,
974 1432 1053 1489 qui
1091 1431 1182 1475 fide
1221 1436 1270 1474 et
1299 1430 1529 1488 patientia
1558 1429 1638 1472 he-

356 1509 678 1553 reditaverunt
713 1524 798 1552 me.
863 1508 954 1553 Sed
993 1509 1101 1565 quia
1141 1509 1283 1563 timeo
1316 1523 1375 1551 ne
1408 1507 1540 1551 vobis
1582 1506 1638 1548 si-

356 1591 436 1629 cut
467 1591 515 1629 et
546 1585 714 1629 ceteris
751 1586 979 1643 contigat,
1002 1587 1207 1630 salutare
1246 1584 1304 1628 do
1339 1583 1467 1628 vobis
1490 1583 1639 1626 consi-

356 1663 483 1717 lium,
515 1678 575 1706 ne
607 1662 832 1707 videlicet
864 1663 1020 1707 velitis
1053 1662 1178 1707 sicut
1218 1662 1269 1706 in
1306 1661 1533 1719 principio
1573 1659 1638 1703 al·

355 1739 474 1783 tiora
505 1746 552 1783 et
582 1741 830 1785 secretiora
853 1741 1141 1797 contingere,
1174 1739 1257 1783 sed
1279 1737 1504 1796 paulatim
1535 1750 1638 1792 pro-

358 1817 585 1873 ficientes,
630 1817 815 1860 Christo
858 1817 989 1873 duce,
1035 1815 1225 1860 tandem
1257 1813 1546 1872 perveniatis
1578 1812 1637 1856 ad

358 1909 548 1937 summa.
612 1893 782 1937 Videte
815 1910 874 1937 ne
907 1900 1155 1951 postquam
1195 1897 1397 1936 stercora
1437 1890 1638 1935 vilitatis

357 1969 417 2013 ad
447 1968 621 2013 radices
654 1976 830 2014 vestras
851 1969 1030 2014 fuerint
1053 1970 1193 2013 missa
1213 1967 1525 2012 inveniamini
1548 1971 1639 2010 ste-

358 2048 481 2101 riles,
514 2049 623 2105 quia
660 2048 806 2091 nichil
843 2047 973 2091 aliud
1010 2054 1307 2104 preterquam
1347 2045 1523 2088 securis
1559 2059 1640 2101 ap-

358 2125 562 2182 ponitur.
596 2125 755 2169 Nolite
788 2140 845 2168 ex
884 2130 983 2168 toto
1021 2124 1195 2168 affectu
1242 2128 1402 2167 vestro
1451 2120 1637 2166 credere

357 2218 497 2260 quem
525 2217 653 2246 nunc
674 2202 873 2259 habetis,
898 2202 1008 2258 quia
1029 2201 1331 2257 procliviores
1364 2213 1528 2243 sensus
1560 2198 1641 2242 ho-

362 2281 508 2324 mines
540 2285 652 2324 sunt
683 2280 741 2323 ad
773 2280 947 2323 malum
970 2294 1110 2336 quam
1131 2278 1191 2323 ad
1212 2278 1387 2322 bonum
1408 2275 1640 2334 agendum

361 2365 410 2402 et
439 2357 575 2402 facile
606 2357 663 2401 ad
696 2361 919 2401 consueta
951 2356 1205 2400 revertitur
1236 2356 1417 2400 animus
1449 2354 1560 2398 licet
1580 2353 1639 2398 ab
