1702 2722
1333 118 1386 155 25

105 207 259 260 habat,
302 208 520 264 elongata
561 221 667 250 sum
709 206 767 249 ab
810 221 879 262 eo,
923 213 972 249 et
1012 212 1140 250 stans
1181 222 1207 250 a
1249 207 1385 262 longe

103 284 382 328 lacrimabili
415 284 558 327 vultu
587 284 743 340 ipsum
777 283 881 339 cepi
923 283 1170 338 respicere.
1235 285 1388 339 Expe-

105 362 291 406 ctabam
323 375 429 404 eum
461 361 542 417 qui
573 361 754 404 salvam
796 375 869 403 me
911 359 1092 403 faceret
1133 376 1160 404 a
1202 361 1389 416 pusilla-

104 439 320 482 nimitate
361 438 552 494 spiritus
589 444 638 480 et
678 442 955 494 tempestate
995 444 1139 481 tanta.
1203 439 1269 481 Et
1298 437 1388 480 fac-

106 523 181 559 tus
211 521 281 559 est
310 520 503 571 repente
536 513 591 557 de
625 515 728 557 celo
761 527 907 556 sonus
942 520 1091 558 totam
1113 515 1388 558 concutiens

106 593 380 648 paradisum,
404 599 453 635 et
474 607 580 635 cum
603 606 657 635 eo
680 593 761 634 lux
783 591 1164 648 splendidissima
1196 591 1252 634 de
1286 593 1385 635 celo

101 670 272 713 emissa
302 674 384 712 est.
418 670 482 712 Et
503 668 756 725 respiciens
778 667 880 711 vidi
907 667 1149 711 dominum
1171 668 1385 711 maiesta-

106 749 168 792 tis
206 747 588 791 deambulantem
628 746 680 788 in
722 744 933 801 paradiso
975 744 1035 789 ad
1077 759 1235 789 auram
1284 751 1388 802 post

102 824 359 878 meridiem,
401 823 552 881 gloria
593 822 899 866 inenarrabili
943 827 991 865 et
1032 821 1272 865 indicibili
1301 821 1408 865 fu1-·

98 906 302 959 gentem.
365 900 724 944 Oomitabantur
766 903 925 943 autem
969 914 1075 942 eum
1125 898 1386 943 multitudi-

102 993 187 1021 nes
207 979 477 1035 angelorum
499 993 614 1021 voce
637 992 807 1033 magna
829 977 1136 1020 clamantium
1157 991 1211 1020 ac
1234 976 1388 1020 dicen-

105 1056 224 1099 tium
249 1081 298 1088 —
324 1056 522 1099 Sanctus
555 1059 747 1098 sanctus
781 1060 973 1098 sanctus
1008 1054 1226 1098 dominus
1258 1055 1386 1098 Deus

102 1133 319 1188 Sabaoth,
358 1135 498 1190 plena
527 1140 600 1176 est
632 1133 784 1177 omnis
817 1137 942 1176 terra
965 1134 1113 1188 gloria
1133 1138 1227 1177 tua.
1253 1133 1385 1176 Milia

101 1209 230 1253 milia
268 1201 602 1254 ministrabant
645 1211 688 1253 ei
728 1214 775 1253 et
818 1210 971 1254 decies
1016 1217 1217 1254 centena
1256 1211 1384 1255 milia

100 1288 384 1332 assistebant
417 1289 474 1332 ei.
509 1290 623 1345 Cepi
662 1304 786 1345 ergo,
819 1289 983 1346 fateor,
1017 1305 1192 1345 pavens
1226 1295 1274 1333 et
1296 1294 1385 1333 tre-

100 1380 233 1409 mens
263 1356 437 1409 mentis
469 1370 571 1409 tota
604 1371 795 1423 stupore
834 1372 883 1410 et
903 1367 1093 1411 horrore
1116 1366 1312 1411 deficere
1336 1373 1385 1411 et

101 1457 287 1499 corpore
319 1448 486 1499 tepens
519 1443 655 1487 corde
689 1459 800 1487 vero
834 1444 1071 1500 palpitans
1103 1443 1161 1487 de
1194 1444 1386 1501 profun-

99 1517 170 1562 dis
200 1519 399 1563 clamavi
423 1519 584 1563 dicens
621 1544 670 1550 -
708 1520 911 1563 Domine
936 1521 1174 1576 miserere,
1198 1520 1385 1564 domine

101 1597 334 1650 miserere,
366 1611 463 1639 non
494 1598 642 1639 intres
675 1598 726 1639 in
758 1597 989 1641 iudicium
1011 1613 1118 1641 cum
1141 1613 1278 1642 servo
1301 1603 1384 1642 tuo

99 1674 208 1730 quia
223 1688 318 1718 non
340 1674 673 1718 iustificabitur
694 1675 744 1718 in
766 1680 1021 1731 conspectu
1038 1680 1120 1719 tuo
1144 1677 1294 1719 omnis
1318 1677 1383 1720 vi-

99 1766 227 1795 vens.
252 1752 315 1794 Et
338 1750 460 1794 dixit
477 1751 591 1794 mihi
618 1778 666 1782 —
690 1752 821 1796 Vade
839 1753 1127 1797 abscondere
1146 1752 1380 1797 modicum

98 1827 158 1871 ad
178 1831 468 1872 momentum
490 1827 637 1872 donec
659 1834 957 1886 pertranseat
977 1830 1242 1887 indignatio
1263 1847 1378 1875 mea.

99 1905 359 1963 Statimque
379 1907 568 1950 vocavit
587 1907 762 1950 sotium
781 1923 952 1962 meum,
973 1908 1134 1951 dicens
1155 1935 1210 1940 —
1228 1909 1380 1952 Adam

99 1981 279 2028 ubios?
310 1985 376 2026 At
407 1983 507 2040 ipse
542 2009 587 2014 ——
613 1985 788 2028 Vocem
820 1990 949 2029 tuam
982 1986 1142 2030 audivi
1175 1994 1223 2030 et
1244 1989 1381 2031 timui

100 2072 152 2100 eo
185 2057 305 2114 quod
336 2059 492 2103 nudus
525 2076 677 2104 essem
710 2068 758 2105 et
790 2063 1016 2107 abscondi
1038 2079 1127 2108 me.
1152 2066 1276 2108 Vere
1299 2081 1383 2108 nu-

101 2132 186 2176 dus
219 2134 301 2190 qui
333 2135 488 2180 nudus
520 2137 576 2180 de
607 2139 877 2182 Jerusalem
908 2140 960 2182 in
989 2141 1022 2184 J
1026 2142 1149 2184 erico
1193 2141 1382 2185 descen·

100 2209 215 2254 dens
247 2211 416 2255 incidit
445 2213 496 2256 in
528 2214 748 2272 latrones,
794 2215 874 2273 qui
914 2224 1025 2260 ante
1059 2219 1213 2262 omnia
1245 2233 1380 2275 expo-

95 2287 333 2333 liaverunt
365 2305 484 2348 eum,
518 2292 640 2336 bona-
672 2302 837 2338 nature
870 2295 1037 2339 amissa
1068 2296 1377 2342 similitudine

97 2368 331 2412 creatoris.
394 2370 498 2426 Ipse
541 2377 695 2415 autem
735 2388 817 2416 rex
859 2374 1128 2428 altissimus,
1166 2375 1248 2419 sed
1279 2391 1375 2420 non
