1702 2722
1333 96 1383 134 31

102 187 192 231 hiis
224 187 553 245 conglutinata
593 186 748 230 anima
794 201 908 240 mea,
948 191 996 229 et
1037 199 1160 228 unus
1193 184 1385 242 spiritus

104 270 155 308 et
184 279 279 309 una
310 263 425 307 fides
457 269 557 307 erat
586 263 635 306 in
669 262 820 306 nobiS.

191 342 503 385 Surrexerunt
535 339 737 396 denique
767 339 819 381 in
850 338 988 382 nobis
1011 338 1092 394 qui
1123 353 1221 381 non
1253 345 1387 382 erant

102 435 160 463 ex
190 418 326 462 nobis
359 417 546 474 quidam
577 417 663 460 filii
683 416 837 460 Belial
858 416 1106 471 loquentes
1129 430 1253 458 vana
1284 430 1387 472 ope-

101 501 260 540 rantes
302 495 466 551 iniqua
506 493 720 536 dicentes
768 507 816 535 se
866 506 1094 548 pauperes
1137 506 1240 534 esse
1281 506 1386 534 cum

102 587 199 616 non
231 577 402 628 essent,
444 576 492 614 et
532 587 605 614 me
640 585 778 628 quam
810 569 1076 613 dilexerant
1120 575 1219 613 toto
1251 568 1386 613 corde

102 650 295 708 gloriosi
326 649 419 693 viri
451 648 509 692 de
542 648 711 704 quibus
757 649 916 691 locuta
964 662 1066 690 sum
1110 651 1389 703 spreverunt

103 735 152 773 et
182 729 550 779 maculaverunt,
583 732 831 782 sequentes
864 726 988 769 viam
1010 726 1202 769 Balaam
1223 739 1282 767 ex
1299 725 1386 768 Bo-

105 821 193 863 sor,
226 806 307 863 qui
338 803 599 849 mercedem
630 803 900 860 iniquitatis
942 803 1134 860 amavit,
1176 801 1387 845 homines

105 882 309 938 corrupti
339 886 498 923 mente
531 885 580 922 et
610 895 637 923 a
670 879 868 923 veritate
901 879 1087 936 privati,
1120 878 1388 921 existiman-

107 964 179 1002 tes
210 963 425 1016 questum
456 972 556 1001 esse
587 957 824 1014 pietatem,
858 956 1073 999 homines
1096 960 1386 999 assumentes

108 1041 268 1078 sancte
300 1033 543 1092 religionis
575 1033 803 1091 habitum,
827 1047 1005 1076 novum
1026 1033 1266 1076 hominem
1288 1047 1385 1075 non

106 1109 364 1156 induerunt
405 1110 487 1154 sed
528 1116 735 1154 veterem
782 1110 1114 1167 palliaverunt.
1160 1110 1387 1154 Detrahe-

107 1189 222 1232 bant
253 1189 513 1232 senioribus
546 1188 642 1231 suis
676 1192 724 1231 et
756 1202 914 1231 eorum
956 1187 1036 1245 qui
1078 1193 1239 1231 sancte
1281 1202 1389 1231 con-

104 1265 381 1308 versationis
396 1264 694 1308 institutores
710 1264 916 1321 fuerunt,
936 1265 1084 1308 vitam
1102 1271 1150 1308 et
1167 1280 1317 1308 mores
1334 1265 1386 1308 in

104 1342 286 1385 occulto
319 1340 592 1385 mordebant
633 1347 855 1386 vocantes
888 1356 965 1386 eos
996 1341 1272 1386 indiscretos
1302 1342 1384 1386 im-

105 1417 426 1462 misericordes
448 1417 674 1474 crudeles,
697 1424 746 1462 et
777 1434 850 1461 me
874 1433 1014 1474 quam
1035 1426 1386 1476 assumpserant

108 1494 328 1539 dicebant
373 1494 579 1539 odiosam
624 1495 881 1552 insipidam
928 1486 1113 1553 turpem
1154 1498 1385 1541 incultam

107 1586 366 1628 exanguem
399 1579 446 1615 et
476 1577 722 1627 mortuam,
756 1573 911 1616 emula
940 1588 1044 1617 mea
1077 1589 1257 1617 summo
1290 1580 1385 1618 stu-

104 1647 181 1692 dio
211 1649 277 1693 sic
307 1655 514 1707 gerente,
547 1666 637 1707 que
669 1649 770 1694 ovis
801 1665 1040 1694 assumens
1062 1651 1276 1695 habitum
1307 1651 1385 1696 do-

104 1724 292 1769 lositate
326 1726 482 1782 vulpis
514 1727 783 1771 occultabat
814 1727 1028 1784 lupinam
1060 1728 1250 1772 rabiem.
1282 1729 1383 1773 Hec

102 1807 175 1846 est
204 1803 422 1847 Avaritia
453 1819 542 1860 que
587 1805 759 1849 dicitur
802 1805 1107 1850 immoderata
1146 1806 1383 1863 cupiditas

101 1880 370 1938 acquirendi
411 1883 490 1925 vel
530 1881 767 1926 retinendi
810 1881 1013 1927 divitias.
1056 1885 1121 1927 Et
1151 1885 1385 1929 vocabant

100 1959 289 2001 nomine
321 1959 542 2002 sanctiori
574 1975 634 2002 ne
667 1960 860 2003 omnino
893 1959 1172 2004 viderentur
1202 1976 1274 2004 me
1307 1961 1384 2005 de-

100 2034 381 2093 relinquere,
405 2036 539 2079 cuius
562 2051 754 2080 munere
778 2036 834 2080 de
857 2037 1051 2093 pulvere
1084 2045 1382 2082 surrexerant

100 2118 148 2156 et
180 2111 236 2155 de
267 2116 466 2156 stercore
514 2118 648 2157 erant
690 2115 858 2157 erecti:
891 2115 1207 2169 loquebantur
1239 2115 1295 2159 de
1328 2132 1382 2159 ea

101 2189 242 2232 michi
274 2190 462 2245 pacifice
494 2189 576 2233 sed
609 2205 749 2247 super
770 2191 884 2234 iram
907 2191 1067 2235 dolose
1090 2193 1379 2249 cogitabant.

100 2266 163 2309 Et
193 2267 306 2310 licet
336 2282 434 2310 11011
465 2268 608 2324 possit
638 2269 846 2313 civitatis
880 2283 1021 2325 supra
1062 2275 1272 2313 montem
1305 2284 1381 2326 po·

101 2342 190 2386 site
221 2344 442 2388 abscondi
489 2344 729 2401 desolatio,
777 2352 935 2389 tamen
982 2347 1305 2402 imposuerunt
1337 2348 1378 2391 ei
