1702 2722
373 123 427 163 20

375 212 501 254 enim
523 211 632 268 quia
652 215 735 254 tua
751 215 823 253 est
846 211 1071 266 potentia,
1095 215 1229 254 tuum
1250 226 1462 268 regnum.
1506 213 1578 256 Tu
1600 228 1650 256 es

375 301 512 344 super
550 301 710 330 omnes
755 287 958 330 virtutes
999 302 1023 328 a
1065 301 1174 343 rege
1213 301 1379 343 regum
1409 287 1573 343 regina
1603 295 1651 332 et

376 363 562 407 domina
580 364 850 417 constituta,
870 369 1055 407 tantum
1073 350 1146 407 fac
1163 365 1404 408 nobiscum
1421 380 1581 422 paoem
1603 371 1652 410 et

375 441 492 484 salvi
523 441 708 494 erimus,
742 445 796 483 ut
826 455 910 496 per
943 445 990 483 te
1023 455 1110 484 nos
1150 442 1346 498 recipiat
1375 442 1460 499 qui
1490 457 1572 499 per
1603 446 1650 485 te

373 531 458 560 nos
488 517 700 560 redemit.
764 517 813 560 Si
835 516 1096 560 decreveris
1119 532 1203 560 nos
1225 519 1403 561 salvare
1426 517 1650 561 continuo

375 594 690 638 liberabimur.
753 595 873 638 Nam
905 594 1003 649 ipse
1034 609 1116 637 rex
1137 609 1313 652 *regum
1345 599 1394 637 et
1436 593 1651 638 dominus

377 671 722 714 dominantium
763 677 945 714 creator
983 671 1072 714 celi
1114 675 1162 714 et
1204 676 1328 715 terre
1374 672 1652 729 concupivit

377 765 506 806 spem
540 755 588 792 et
619 749 832 792 decorem
865 754 1011 792 tuum.
1077 750 1196 792 Cum
1229 753 1355 792 esset
1385 764 1467 793 rex
1497 749 1547 792 in
1580 765 1651 793 ac-

377 827 541 870 cubitu
574 842 657 870 suo
692 826 823 869 dives
855 831 904 868 et
935 827 1164 882 gloriosus
1196 826 1246 868 in
1277 841 1422 884 regno
1454 842 1553 883 suo,
1582 843 1649 870 re-

373 905 512 961 liquit
543 904 731 947 domum
772 919 927 958 suam,
973 903 1150 946 dimisit
1180 903 1488 948 hereditatem
1519 919 1649 947 suam

372 996 478 1024 nam
509 981 660 1038 gloria
691 985 739 1023 et
772 980 938 1024 divitie
970 980 1019 1022 in
1052 980 1187 1023 domo
1210 979 1325 1035 eius,
1348 981 1508 1036 sicque
1531 996 1558 1023 a
1578 995 1647 1023 re-

372 1058 558 1113 galibus
589 1057 778 1100 sedibus
810 1057 1004 1100 veniens
1038 1057 1398 1113 dignantissime
1431 1061 1478 1101 te
1510 1057 1650 1112 quisi-

372 1136 455 1179 vit.
519 1135 691 1191 Magna
713 1149 822 1191 ergo
846 1140 916 1177 est
939 1133 1144 1190 dignitas
1167 1140 1249 1177 tua
1270 1141 1319 1178 et
1339 1134 1541 1178 altitudo
1564 1141 1645 1178 tua

371 1211 760 1268 incomparabilis,
794 1226 899 1254 cum
931 1212 1105 1255 relictis
1136 1212 1354 1255 omnibus
1376 1214 1647 1267 angelorum

372 1290 545 1333 delitiis
576 1295 624 1332 et
655 1288 897 1331 immensis
931 1288 1188 1332 virtutibus
1208 1289 1265 1332 de
1288 1289 1458 1345 quibus
1479 1304 1647 1345 magna

374 1372 472 1410 erat
504 1367 635 1422 copia
666 1366 715 1408 in
748 1366 955 1417 excelsis,
987 1366 1121 1408 venit
1154 1373 1200 1408 te
1233 1380 1424 1421 querere
1456 1366 1507 1408 in
1529 1366 1646 1410 infe-

372 1445 569 1489 rioribus
601 1443 812 1500 partibus
844 1448 980 1499 terre,
1013 1443 1244 1486 iacentem
1266 1443 1317 1485 in
1340 1443 1440 1485 luto
1462 1442 1578 1485 fecis
1597 1443 1649 1486 in

376 1520 637 1564 tenebrosis
670 1525 718 1563 et
739 1521 904 1563 umbra
927 1519 1100 1563 mortis.
1164 1519 1360 1562 Cunctis
1382 1519 1651 1562 viventibus

374 1597 532 1642 odiosa
563 1611 653 1640 non
689 1595 922 1639 modicum
963 1595 1195 1639 existebas
1228 1601 1276 1638 et
1307 1610 1469 1639 omnes
1502 1600 1548 1638 te
1577 1595 1648 1639 fu-

373 1675 580 1732 giebant,
616 1680 664 1717 et
695 1678 834 1730 prout
865 1678 1085 1729 poterant
1107 1673 1390 1729 effugabant.
1451 1675 1516 1717 Et
1537 1673 1648 1716 licet

372 1754 517 1809 aliqui
550 1759 596 1796 te
629 1752 791 1807 fugere
825 1751 1015 1793 omnino
1046 1765 1143 1794 non
1168 1754 1367 1807 possent,
1389 1763 1485 1792 non
1507 1751 1647 1793 immo

370 1832 523 1874 minus
554 1844 652 1872 eras
684 1829 748 1871 eis
783 1827 972 1870 odibilis
1005 1834 1052 1870 et
1084 1843 1234 1871 exosa.

461 1908 529 1951 At
561 1912 808 1963 postquam
830 1904 1093 1948 dominator
1115 1904 1328 1948 dominus
1351 1903 1486 1946 venit
1508 1909 1554 1946 te
1575 1918 1647 1947 su-

370 1986 570 2042 scipiens
602 1985 653 2027 in
685 1999 732 2027 se
754 1984 866 2040 ipso,
891 1982 1120 2026 exaltavit
1151 1988 1292 2037 caput
1325 1979 1538 2023 tuum'in
1561 1980 1645 2023 tri-

371 2063 522 2106 bubus
554 2062 841 2118 populorum‚
876 2065 923 2103 et
954 2058 1083 2116 quasi
1104 2072 1320 2114 sponsam
1343 2057 1579 2101 decoravit
1598 2063 1645 2101 te

369 2155 538 2184 corona
568 2155 707 2195 super
738 2137 1041 2182 altitudinem
1063 2135 1258 2178 nubium
1281 2141 1326 2178 te
1343 2134 1644 2178 substollens.

371 2217 593 2269 Quamvis
626 2220 752 2258 certe
785 2214 934 2258 adhuc
966 2218 1013 2256 te
1046 2212 1280 2255 innumeri
1312 2211 1547 2255 detestent
1567 2226 1646 2254 ne-

368 2295 567 2337 scientes
599 2292 827 2335 virtutem
859 2295 988 2333 tuam
1009 2300 1054 2332 et
1077 2289 1272 2344 gloriam
1296 2293 1440 2343 tuam,
1463 2287 1551 2331 tibi
1575 2291 1643 2330 ta-

368 2387 475 2414 men
507 2369 653 2412 nichil
686 2368 899 2426 deperiit,
928 2369 1036 2425 quia
1057 2368 1203 2411 libere
1235 2367 1421 2411 habitas
1442 2367 1494 2410 in
1515 2381 1645 2410 mon-
