1702 2722
1307 127 1360 166 23

77 233 277 279 adorant
307 230 526 274 universe
559 227 763 269 celorum
786 223 1003 273 virt-‚utos
1027 222 1162 262 tanto
1183 218 1359 261 honore

78 317 127 356 te
150 307 419 354 decoravit?
466 305 581 358 Quis
604 303 730 346 enim
751 299 955 354 vestigia
978 296 1147 353 pedum
1169 299 1360 338 tuorum

79 404 175 434 non
210 387 417 432 libenter
452 383 613 427 adoret
652 378 730 423 cui
772 393 822 421 se
854 376 1071 421 dominus
1103 372 1360 417 maiestatis

85 482 178 511 tam
207 463 450 509 humiliter
469 458 737 513 inclinavit,
760 461 857 500 tam
890 453 1173 498 sotiabiliter
1204 451 1362 494 iniun-

87 545 175 598 xit,
209 545 343 587 tanta
379 538 573 582 caritate
616 534 831 580 adhesit?
894 533 1202 577 Obsecramus
1249 543 1358 585 ergo

85 634 163 677 por
191 619 347 676 ipsum
380 623 428 660 et
447 619 640 672 propter
659 614 825 669 ipsum,
850 610 1053 667 domina,
1077 613 1261 652 nostras
1284 606 1361 651 de-

85 696 371 754 precationes
402 708 461 736 ne
495 690 726 748 despicias
757 689 810 732 in
840 686 1205 731 necessitatibus
1229 683 1311 727 sed
1334 699 1361 728 a

83 773 301 833 periculis
331 772 482 816 libera
512 784 599 813 nos
632 782 813 824 semper
845 766 1046 823 gloriosa
1078 767 1127 808 et
1158 764 1209 806 in
1242 765 1360 806 eter-

85 867 195 895 num
226 849 494 894 benedicta.

173 928 246 972 Ad
281 928 368 970 hec
411 925 597 969 domina
627 925 882 978 Paupertas
916 920 1053 965 corde
1085 917 1358 972 let—‚abunda

87 1007 310 1050 exilarata
339 1004 482 1058 facie,
513 1016 630 1046 voce
663 1000 790 1044 dulci
821 997 1079 1055 respondet
1109 996 1269 1040 dicens
1309 1020 1360 1028 —·

88 1086 255 1129 Fateor
285 1082 432 1139 vobis,
464 1080 631 1124 fratres
655 1082 703 1121 et
725 1078 864 1121 amici
884 1075 1137 1128 karissimi,
1159 1073 1283 1130 quod
1306 1088 1363 1116 ex

88 1178 175 1219 quo
197 1161 327 1218 loqui
348 1159 553 1216 cepistis,
586 1158 768 1213 repleta
799 1170 902 1199 sum
934 1154 1103 1207 letitia,
1137 1151 1364 1208 superha-

86 1238 240 1282 bundo
256 1235 440 1292 gaudio,
454 1233 707 1278 attendens
725 1232 959 1276 fervorem
974 1235 1200 1286 vestrum,
1213 1229 1364 1272 sciens

82 1323 179 1362 tam
210 1320 427 1360 sanctum
459 1313 752 1370 propositum
784 1316 1009 1355 vestrum.
1075 1310 1224 1352 Facta
1252 1310 1365 1351 sunt

82 1394 200 1438 mihi
230 1394 372 1437 verba
402 1398 560 1437 vestra
591 1405 731 1446 super
761 1404 926 1433 aurum
960 1393 1008 1431 et
1041 1386 1244 1443 lapidem
1266 1399 1366 1441 pre-

83 1471 254 1514 tiosum
285 1470 489 1513 multum
520 1474 569 1512 et
601 1468 809 1512 dulciora
841 1479 982 1522 super
1003 1464 1097 1508 mel
1119 1468 1166 1507 et
1186 1462 1363 1506 favum.

83 1547 191 1590 Non
236 1546 363 1589 enim
409 1559 492 1588 vos
546 1545 660 1588 estis
703 1543 783 1600 qui
812 1541 1077 1598 loquimini,
1112 1539 1195 1584 sed
1232 1539 1366 1596 spiri-

85 1633 162 1667 tus
193 1627 380 1666 sanctus
412 1622 491 1678 qui
524 1622 737 1678 loquitur
769 1621 820 1663 in
841 1620 993 1673 vobis,
1015 1624 1064 1662 et
1084 1618 1182 1675 ipsa
1202 1617 1367 1660 unctio

84 1700 222 1744 docet
252 1715 336 1743 vos
379 1700 435 1743 de
479 1699 695 1742 omnibus
728 1698 809 1755 qui
842 1697 989 1740 locuti
1022 1696 1134 1740 estis
1167 1694 1225 1739 de
1254 1708 1365 1750 rege

84 1776 323 1831 altissimo,
365 1777 447 1833 qui
486 1777 584 1819 sola
622 1791 704 1819 sua
743 1775 895 1832 gratia
927 1772 1176 1830 assumpsit
1206 1787 1281 1815 me
1312 1772 1364 1814 in

86 1853 304 1897 dilectam
351 1854 454 1907 sibi,
502 1853 717 1897 auferens
763 1852 1063 1909 obprobrium
1110 1865 1264 1894 meum
1308 1849 1365 1893 de

87 1935 222 1988 terra,
255 1938 303 1974 et
333 1931 460 1975 inter
491 1932 697 1974 celorum
730 1945 943 1987 proceres
973 1929 1256 1985 glorificavit
1275 1943 1363 1971 me.

175 2008 324 2062 Cupio
341 2013 601 2066 propterea,
622 2010 659 2051 si
678 2023 762 2051 vos
781 2008 938 2052 audire
959 2023 1056 2051 non
1071 2013 1250 2064 gravat,
1267 2008 1367 2049 lon-

84 2097 192 2138 gam
222 2083 302 2126 sed
331 2099 429 2128 non
461 2085 616 2128 minus
640 2086 808 2129 utilem
831 2086 922 2128 mei
943 2089 1095 2128 status
1126 2098 1365 2128 recensere

87 2161 219 2204 vobis
240 2161 478 2217 ystoriam,
509 2169 564 2206 ut
595 2162 787 2216 discatis
819 2162 1051 2220 quomodo
1073 2177 1158 2206 vos
1181 2166 1368 2219 oportet

87 2237 319 2282 ambulare
351 2244 400 2281 et
420 2241 599 2295 placere
624 2242 725 2284 Deo
749 2247 971 2285 caventes
993 2246 1117 2284 retro
1140 2239 1366 2296 aspicien-

84 2312 132 2357 di
163 2328 335 2368 notam,
369 2315 449 2372 qui
480 2332 671 2361 manum
703 2317 763 2361 ad
795 2323 1003 2362 aratrum
1035 2318 1229 2361 mictere
1262 2318 1365 2359 vul-

86 2389 159 2434 tis.
192 2391 299 2434 Non
333 2407 434 2435 sum
465 2392 592 2436 rudis
625 2394 747 2438 sicut
779 2396 915 2439 multi
951 2400 1123 2451 putant
1145 2394 1226 2438 sed
1247 2394 1366 2438 anti-
