1702 2722
389 141 441 178 38

388 231 561 274 bantur
590 229 787 286 indigni,
822 234 1028 287 egestate
1066 237 1113 274 et
1148 230 1270 274 fame
1308 232 1505 275 steriles.
1570 233 1659 284 Qui

390 305 674 349 mandebant
706 306 872 350 herbas
905 313 953 350 et
983 306 1199 350 arborum
1220 307 1424 364 cortices,
1448 309 1659 363 squalen-

390 388 461 426 tes
483 384 748 427 calamitate
765 389 813 427 et
834 385 1031 439 miseria,
1048 399 1176 428 nunc
1197 400 1292 428 non
1314 389 1426 428 sunt
1447 386 1662 430 contenti

390 459 576 502 comuni
608 460 719 514 vita,
743 460 823 504 sed
841 465 1089 517 segregant
1110 461 1382 516 semetipsos
1406 461 1508 504 sine
1531 461 1664 505 timo-

390 549 440 578 re
472 550 520 578 se
556 537 679 592 ipsos
717 543 972 593 pascentes,
1017 551 1213 594 quorum
1253 537 1544 581 conversatio
1585 552 1662 580 su-

391 613 564 669 perflua
595 613 872 667 queritando
903 613 1014 657 satis
1046 615 1210 658 ceteris
1242 620 1313 658 est
1350 615 1556 671 molesta,
1599 614 1664 657 af-

390 689 620 733 fectantes
650 690 869 734 honorem
891 691 1018 734 inter
1040 691 1218 735 Christi
1252 691 1519 748 discipulos,
1572 690 1657 743 Qui

389 767 438 809 in
461 768 614 810 seculo
638 767 778 810 etiam
800 767 925 810 inter
946 772 1083 810 notos
1106 768 1492 828 contempnibiles
1515 775 1662 825 erant,

391 844 471 901 qui
501 859 606 887 cum
638 844 859 888 ordeaceo
892 859 1011 900 pane
1044 850 1092 888 et
1123 859 1270 900 acqua
1301 858 1406 900 sepe
1442 846 1664 890 carebant

392 926 440 964 et
487 936 588 965 esse
625 922 710 965 sub
744 923 1007 978 sumptibus
1046 921 1211 965 delitia
1246 921 1540 978 reputabant,
1575 923 1664 966 filii

391 999 644 1042 stultorum
681 1004 729 1042 et
764 999 1048 1055 ignobilium
1086 1014 1143 1042 611
1181 998 1307 1041 intra
1342 999 1530 1054 penitus
1565 1014 1661 1043 non

392 1082 610 1133 parentes
639 1076 698 1120 ad
728 1092 850 1120 meas
882 1077 1091 1120 miserias
1117 1075 1330 1120 devoluti
1351 1081 1474 1120 sunt.
1506 1076 1664 1121 Abho-

390 1154 632 1197 minantur
662 1169 735 1197 me
768 1158 815 1197 et
855 1152 1046 1210 fugiunt
1087 1154 1225 1208 longe
1257 1169 1284 1196 a
1314 1168 1387 1196 me
1420 1158 1470 1196 et
1497 1152 1666 1197 faciem

390 1246 540 1274 meam
572 1244 825 1288 conspuere
856 1245 953 1274 non
984 1237 1220 1274 verentur.
1265 1230 1580 1274 Contumelias
1618 1237 1666 1274 et

390 1311 591 1351 terrores
610 1322 745 1364 passa
760 1321 861 1350 sum
877 1308 935 1350 ab
953 1307 1033 1364 eis,
1051 1312 1099 1349 et
1119 1306 1200 1363 qui
1222 1311 1356 1350 erant
1377 1305 1557 1363 pacifici
1573 1306 1664 1349 mei
1693 1360 1696 1363 Δ

392 1391 439 1428 et
471 1384 787 1429 custodientes
817 1387 939 1428 latus
971 1399 1125 1427 meum
1166 1383 1460 1427 insultabant
1499 1382 1656 1439 michi,

391 1462 828 1507 verecundabantur
865 1461 920 1505 de
953 1477 1040 1518 me,
1075 1466 1123 1504 et
1153 1465 1287 1504 tanto
1319 1460 1464 1516 magis
1494 1459 1660 1503 abicie-

392 1542 507 1585 bant
527 1557 599 1585 me
618 1545 794 1598 quanto
811 1553 912 1583 meo
933 1538 1156 1583 beneficio
1173 1538 1346 1582 ditatos
1364 1552 1413 1580 se
1433 1536 1531 1581 fore
1550 1537 1663 1581 scie-

392 1620 508 1667 bant
528 1618 595 1662 ita
616 1623 671 1661 ut
701 1632 872 1661 nomen
905 1632 1058 1660 meum
1091 1615 1457 1672 dedignerentur
1485 1613 1658 1659 audire.

481 1697 658 1739 Dolens
695 1694 909 1738 dolebam
946 1708 1032 1750 ego
1073 1699 1121 1737 et
1154 1693 1364 1736 dicebam
1403 1691 1461 1735 ad
1493 1705 1570 1734 eos
1612 1716 1661 1723 —

391 1771 703 1816 Revertimini
737 1771 820 1814 filii
851 1770 1124 1814 recedentes
1156 1775 1204 1812 et
1226 1769 1396 1813 sanabo
1427 1767 1660 1812 adversio-

391 1865 475 1893 nes
508 1854 700 1893 vestras.
745 1850 922 1893 Cavete
963 1850 1021 1892 ab
1065 1847 1194 1891 omni
1233 1846 1431 1891 avaritia
1467 1861 1558 1903 que
1598 1851 1667 1890 est

391 1926 634 1983 ydolorum
667 1926 886 1980 servitus,
921 1926 1143 1982 quoniam
1174 1938 1337 1968 avarus
1369 1938 1463 1967 non
1503 1923 1667 1980 imple-

390 2003 518 2047 bitur
549 2003 758 2060 pecunia.
782 2001 1111 2046 Memoramini
1133 2000 1352 2056 pristinos
1374 2000 1474 2044 dies
1495 2000 1547 2043 in
1570 2001 1668 2058 qui·

392 2083 476 2124 bus
506 2080 761 2123 illuminati
783 2095 1006 2136 magnum
1027 2084 1264 2122 certamen
1285 2078 1548 2121 sustinuisti
1570 2091 1668 2134 pas·

389 2158 583 2201 sionum.
615 2157 773 2201 Nolite
807 2157 907 2199 fieri
939 2155 1307 2209 51111)151161101101116ν
1319 2155 1405 2198 filii
1435 2155 1487 2198 in
1517 2154 1667 2211 perdi-

389 2235 576 2289 tionem,
601 2233 681 2278 sed
703 2234 813 2277 fidei
834 2234 884 2276 in
906 2233 1261 2290 acquisitionem
1277 2232 1444 2276 anime.
1478 2232 1666 2276 Irritam

391 2313 493 2369 quis
524 2311 698 2355 faciens
731 2312 883 2367 legem
906 2309 1081 2367 Moysis
1113 2309 1213 2352 sine
1244 2309 1342 2352 ulla
1364 2307 1666 2351 miseratione

390 2390 570 2433 duobus
601 2389 678 2432 vel
711 2388 860 2431 tribus
885 2387 1082 2431 testibus
1107 2387 1313 2430 moritur.
1366 2386 1550 2438 Quanto
1572 2398 1666 2428 ma-
