1702 2722
1315 102 1368 140 35

86 211 175 240 nus
206 211 232 239 a
264 194 425 252 primis
457 194 591 248 datis,
616 209 643 237 a
662 193 811 237 solitis
829 192 975 236 donis.
1038 194 1224 236 Bonum
1246 196 1370 234 esset

87 273 223 317 nobis
254 287 439 329 semper
468 271 534 316 sic
565 285 675 327 esse,
709 270 790 313 sed
820 269 870 312 id
901 269 1088 325 penitus
1119 283 1215 311 non
1247 268 1369 311 vale·

87 351 149 394 tis
181 365 288 393 cum
319 349 494 394 cotidie
527 362 610 391 vos
641 349 814 403 augeat
845 344 1062 389 dominus
1082 346 1132 388 in
1153 344 1370 401 idipsum.

87 425 326 486 Numquid
357 439 452 468 non
483 427 748 481 acceptaret
797 421 1027 476 dominus,
1067 421 1105 463 si
1136 421 1370 464 haberetis

87 505 191 562 quis
221 503 431 548 conferre
453 501 651 560 possetis
682 500 841 557 egenis
864 510 913 543 et
944 499 1110 542 essetis
1140 512 1370 542 memores

84 595 354 638 pauperum,
386 594 491 622 cum
522 578 620 634 ipse
653 576 780 620 dicat
814 602 864 608 —
890 576 1082 620 Beatius
1114 580 1189 618 est
1220 574 1369 632 magis

86 658 194 703 dare
226 673 367 716 quam
387 657 610 713 accipere.
674 657 770 700 Cur
789 668 886 698 non
905 653 1113 710 recipitis
1135 653 1258 696 bona
1279 668 1368 710 que

89 735 353 779 offeruntur
382 732 518 778 vobis
551 738 605 776 ut
636 747 730 776 non
762 731 989 775 fraudetis
1019 730 1185 775 dautes
1207 734 1371 774 eterna

87 811 332 857 mercede?
392 812 500 855 Non
533 815 605 853 est
634 810 727 853 iam
759 809 872 865 quid
913 823 995 852 vos
1025 808 1202 851 rtimere
1243 822 1372 864 opor-

90 892 190 932 teat
221 903 249 932 a
280 887 588 932 contubernio
621 886 895 931 divitiarum
928 900 1034 929 cum
1076 899 1155 928 eas
1186 899 1271 941 pro
1303 885 1373 928 ni-

89 966 212 1010 chilo
243 965 486 1022 reputetis.
548 965 658 1008 Non
689 969 762 1007 est
792 963 843 1005 in
864 963 1004 1006 rebus
1027 962 1198 1005 vitium
1220 960 1300 1005 sed
1320 960 1371 1004 in

90 1044 258 1098 animo,
289 1043 397 1100 quia
428 1041 551 1086 vidit
595 1042 722 1085 Deus
762 1046 935 1084 cuncta
974 1054 1064 1096 que
1107 1038 1282 1082 fecerat
1322 1043 1371 1081 et

90 1125 224 1164 erant
255 1119 391 1165 valde
423 1120 560 1164 bona.
622 1119 767 1162 Bonis
790 1132 898 1174 ergo
922 1118 1078 1160 omnia
1099 1117 1221 1160 bona
1243 1122 1369 1172 sunt,

91 1198 246 1242 omnia
274 1197 487 1241 serviunt
509 1197 588 1253 eis,
612 1202 659 1240 et
680 1211 762 1253 pro
785 1195 897 1252 ipsis
919 1194 1077 1238 omnia
1097 1193 1223 1236 facta
1245 1197 1370 1238 sunt.

88 1277 126 1321 Ο
141 1275 306 1333 quanti
327 1275 449 1318 bona
470 1274 696 1318 habentes
718 1274 840 1317 male
861 1272 963 1329 ipsa
984 1271 1258 1329 expediunt,
1281 1285 1370 1327 que

85 1351 125 1394 si
140 1367 224 1395 vos
241 1349 473 1395 haberetis
492 1351 831 1394 converteretis
846 1350 897 1393 in
910 1350 1083 1393 bonum
1099 1364 1249 1404 usum,
1263 1348 1372 1405 quia

86 1433 299 1473 sanctum
321 1434 392 1472 est
411 1427 698 1485 propositum
730 1431 952 1483 vestrum,
976 1426 1232 1470 secundum
1254 1426 1373 1469 desi-

87 1505 267 1550 derium
283 1510 503 1549 vestrum.
528 1506 636 1549 Non
654 1510 725 1548 est
742 1510 900 1548 vestra
921 1504 1143 1547 voluntas
1164 1503 1371 1559 proprios

86 1581 234 1626 ditare
266 1588 493 1639 parenteS‚
528 1582 638 1639 quia
667 1582 752 1638 ipsi
784 1581 898 1624 satis
929 1578 1100 1623 divites
1132 1585 1258 1636 sunt,
1289 1578 1371 1623 sed

85 1660 194 1716 quia
226 1659 335 1703 dum
378 1660 613 1704 haberetis
654 1659 908 1703 necessaria
949 1658 1190 1702 honestius
1231 1664 1371 1715 atque

85 1736 346 1781 ordinatius
377 1736 642 1781 conversari
674 1736 889 1793 possetis.
951 1736 1053 1778 Hec
1095 1740 1143 1778 et
1183 1735 1273 1778 hiis
1315 1735 1372 1778 si-

85 1814 215 1858 milia
234 1814 316 1859 illa
339 1814 540 1868 dicente,
564 1813 712 1870 aliqui
735 1828 894 1857 eorum
915 1827 1112 1869 quorum
1135 1813 1370 1857 conscien-

84 1892 149 1936 tia
179 1893 397 1949 corrupta
426 1896 526 1935 erat
557 1891 717 1935 statim
748 1891 1035 1947 prebuerunt
1066 1904 1316 1933 assensum.

173 1969 271 2014 Alii
307 1984 418 2013 vero
457 1970 542 2011 hec
579 1969 736 2012 omnia
771 1967 911 2011 surda
947 1983 1058 2011 aure
1102 1967 1369 2011 transibant

86 2051 135 2090 et
165 2046 371 2090 rationes
390 2047 593 2102 prelatas
615 2046 664 2089 in
697 2045 902 2089 medium
934 2045 1082 2088 acutis
1113 2045 1369 2101 responsio-

88 2124 227 2168 nibus
262 2123 553 2178 refellebant,
577 2138 672 2168 non
704 2123 858 2166 minus
890 2122 970 2166 isti
1001 2137 1140 2178 quam
1172 2122 1244 2164 illi
1274 2121 1368 2165 suf-

85 2202 195 2246 fulti
227 2202 508 2246 testimoniis
540 2203 890 2258 scripturarum.
940 2199 1032 2245 Sed
1054 2200 1221 2244 videns
1243 2200 1367 2244 Ava-

86 2279 196 2324 ritia
227 2278 351 2336 quod
386 2293 484 2322 non
520 2285 674 2335 posset
709 2294 844 2322 suum
887 2277 1145 2334 adimplere
1191 2277 1370 2321 deside-

85 2356 205 2400 rium
222 2371 278 2400 ex
298 2356 424 2412 ipsis,
447 2357 649 2399 mutavit
670 2355 918 2399 consilium
949 2363 1004 2398 ut
1024 2355 1241 2411 impleret
1262 2369 1370 2411 pro-
