1702 2722
172 961 427 1017 Propterea
458 958 582 1016 quod
613 958 898 1002 Franciscus
930 957 1160 1000 emulator
1202 956 1368 999 simili-

87 1037 267 1082 tudinis
294 1037 412 1082 Jesu
442 1053 470 1081 a
501 1051 584 1079 sue
615 1034 989 1079 conversationis
1022 1032 1278 1089 primordio
1308 1032 1367 1076 ad

89 1118 299 1158 sanctam
329 1115 662 1170 Paupertatem
684 1109 970 1169 querendam
994 1114 1042 1154 et
1064 1110 1192 1154 omni
1213 1109 1369 1154 studio

88 1193 344 1237 secundum
390 1192 566 1236 Christi
617 1190 975 1235 similitudinem
1029 1190 1367 1234 observandam

89 1275 242 1314 totum
273 1284 409 1313 suum
442 1268 681 1313 convertit
710 1273 946 1322 conatum,
977 1267 1101 1311 nihil
1143 1267 1369 1312 dubitans

86 1346 283 1401 adversi,
317 1347 440 1390 nihil
472 1347 644 1390 timens
686 1346 877 1400 sinistri,
920 1347 1107 1389 nullum
1138 1346 1373 1392 subterfu-

88 1424 225 1480 giens
255 1424 476 1477 laborem,
507 1423 686 1468 nullam
730 1423 967 1468 declinans
1010 1425 1213 1479 corporis
1255 1427 1371 1481 egri·

87 1500 315 1558 tudinem,
348 1501 388 1544 si
417 1500 604 1545 domine
634 1501 934 1558 Paupertatis
964 1502 1113 1558 possit
1142 1501 1236 1545 frui
1277 1517 1371 1546 am-

87 1577 316 1634 plexibus.
348 1578 538 1634 Incepit
568 1578 778 1622 curiosus
808 1578 1078 1634 explorator
1120 1578 1370 1636 inquirere,

88 1654 285 1698 circuire
317 1655 446 1698 vicos
476 1657 658 1712 plateas
692 1655 891 1699 ecclesie
926 1661 975 1698 et
1015 1661 1166 1700 status
1207 1657 1369 1715 singu-

85 1730 237 1775 lorum
268 1733 565 1788 percunctari
607 1747 803 1790 querens
844 1733 903 1776 ab
936 1733 1001 1776 eis
1043 1739 1271 1790 quantum
1303 1734 1370 1778 di-

84 1807 243 1864 ligunt
273 1809 596 1866 evangelicam
625 1815 966 1868 paupertatem.
1029 1812 1147 1855 Erat
1168 1812 1370 1858 verbum

85 1885 413 1930 absconditum
446 1886 747 1932 audientibus
779 1892 828 1930 et
858 1889 993 1932 velut
1027 1888 1275 1933 barbarum
1307 1889 1368 1934 ab

86 1964 305 2007 omnibus
340 1964 583 2008 stantibus
616 1965 902 2020 ignoratum.
946 1966 1229 2021 Horrebant,
1268 1969 1366 2011 solo

84 2039 265 2099 auditu,
298 2045 346 2085 et
376 2042 510 2099 quasi
541 2043 757 2100 loquenti
779 2042 1131 2088 maledicebant
1163 2044 1371 2089 dicentes

83 2141 143 2148 -—
172 2119 428 2175 Paupertas
460 2135 599 2176 quam
631 2121 785 2178 queris
818 2120 909 2164 tibi
940 2122 1003 2164 sit
1035 2126 1084 2164 et
1114 2122 1227 2165 filiis
1270 2123 1366 2165 tuis

83 2200 135 2238 et
163 2195 332 2239 semini
362 2201 445 2240 tuo
474 2202 580 2254 post
599 2202 671 2242 te:
707 2199 841 2242 nobis
874 2199 954 2243 det
984 2199 1162 2243 delitiis
1193 2200 1367 2255 perfrui

83 2276 134 2316 et
164 2271 344 2316 divitiis
374 2273 624 2319 abundare.
687 2275 787 2328 Quo
829 2276 991 2321 audito
1032 2278 1308 2321 Franciscus
1339 2293 1366 2321 a

82 2349 359 2394 comunibus
379 2352 580 2396 statibus
607 2378 653 2384 —
673 2354 773 2412 Ibo,
797 2355 877 2409 ait,
902 2355 962 2400 ad
979 2357 1230 2412 optimates
1252 2371 1366 2413 pon-

224 2444 293 2475 412
313 2461 346 2466 —-
369 2446 522 2481 opuscola·
540 2448 724 2477 dantenchi.
