1702 2722
1308 111 1360 151 47

74 204 291 250 tientiam
325 218 414 260 que
447 203 645 246 maxime
668 201 804 244 vobis
827 202 1091 244 necessaria
1113 207 1183 246 est
1205 206 1260 245 ut
1282 217 1361 246 vo-

75 282 307 326 luntatem
328 280 416 324 Dei
434 279 662 323 facientes
678 278 927 336 reportetis
945 278 1359 334 repromissionem.

76 360 253 402 Potens
293 362 365 401 est
406 356 534 400 enim
565 357 693 399 Deus
724 370 814 412 que
846 369 986 411 supra
1018 355 1142 398 vires
1173 355 1363 412 cepistis

76 435 226 492 gratia
247 450 330 478 sua
355 437 520 478 sancta
542 446 814 475 consumare
836 430 1055 484 feliciter,
1080 431 1190 487 quia
1211 431 1361 475 fidelis

77 517 150 556 est
177 513 228 556 in
259 510 657 570 promissionibus,
721 509 882 553 Nichil
912 509 1129 553 inveniat
1149 510 1200 552 in
1224 510 1360 554 vobis

74 588 270 645 gradum
302 589 381 646 qui
414 590 633 644 operatur
663 587 716 630 in
747 586 870 630 filios
903 585 1178 639 diffidentie,
1211 588 1361 631 nichil

75 664 292 709 inveniat
314 663 525 720 dubium,
548 663 697 706 nichil
720 662 938 707 inveniat
955 662 1173 706 diffidens
1195 679 1256 706 ne
1279 679 1360 709 sue

77 742 324 798 pravitatis
355 746 518 786 contra
540 754 623 785 vos
647 739 904 783 exercende
929 739 985 784 de
1008 741 1150 784 vobis
1167 742 1362 797 recipiat

76 822 418 876 argumentum.
485 819 605 862 Nam
636 817 861 874 superbus
884 821 955 860 est
977 817 1115 861 valde
1139 823 1188 862 et
1208 833 1363 875 super-

81 896 158 940 bia
189 895 288 940 eius
320 901 370 939 et
407 896 675 952 arrogantia
715 895 816 939 eius
848 897 1097 953 plusquam
1128 896 1362 941 fortitudo

79 972 192 1016 eius.
255 973 476 1030 Magnam
508 973 622 1016 iram
656 973 799 1015 habet
831 972 888 1015 de
911 973 1047 1017 vobis
1072 979 1121 1016 et
1144 974 1363 1018 universe

76 1048 342 1093 calliditatis
374 1064 456 1092 sue
487 1049 538 1092 in
571 1063 654 1093 vos
685 1064 811 1094 arma
843 1049 1080 1094 convertit
1113 1057 1161 1094 et
1182 1051 1362 1096 malitie

75 1140 310 1170 venenum
340 1126 520 1170 nitetur
551 1126 811 1182 effundere,
845 1133 1013 1185 utpote
1036 1129 1117 1186 qui
1139 1129 1231 1172 iam
1253 1132 1362 1174 reli-

75 1217 190 1259 quos
209 1190 499 1248 'debellando
537 1204 714 1250 devicit
745 1210 794 1249 et
816 1205 1005 1260 deiecit,
1038 1222 1122 1251 vos
1155 1222 1294 1263 supra
1315 1223 1361 1252 se

72 1280 320 1338 respiciens
351 1280 494 1326 dolet.
557 1282 616 1325 In
656 1284 968 1328 conversione
1000 1288 1172 1336 vestra,
1214 1285 1362 1330 karis-

74 1358 190 1412 simi,
207 1359 296 1402 celi
327 1359 452 1403 cives
486 1375 656 1417 magna
677 1361 923 1405 celebrant
943 1361 1116 1419 gaudia
1137 1368 1186 1405 et
1207 1378 1361 1408 coram

75 1441 236 1480 eterno
256 1451 365 1494 rege
386 1453 510 1482 nova
531 1441 717 1483 cantica
740 1455 826 1483 can
837 1444 1075 1485 taverunt.
1141 1441 1364 1487 Gaudent

79 1513 236 1569 angeli
266 1513 318 1556 in
350 1513 484 1557 vobis
516 1519 564 1557 et
597 1514 654 1558 de
685 1516 834 1572 vobis,
881 1517 990 1572 quia
1022 1516 1132 1560 dum
1164 1533 1247 1575 per
1278 1534 1361 1563 vos

80 1589 214 1633 multi
250 1589 574 1647 virginitatem
606 1593 868 1636 servabunt
900 1598 949 1637 et
970 1594 1191 1639 castitate
1212 1595 1363 1653 fulge-

77 1665 205 1723 bunt,
228 1680 428 1723 superne
450 1667 659 1712 civitatis
677 1670 1001 1726 implebuntur
1016 1672 1151 1716 ruine
1169 1673 1249 1716 ubi
1271 1674 1363 1718 vir-

72 1740 206 1798 gines
228 1748 340 1787 sunt
361 1744 595 1789 celebrius
617 1746 898 1803 collocandi,
920 1749 1030 1803 quia
1054 1750 1136 1806 qui
1158 1765 1255 1793 non
1276 1766 1361 1795 nu-

74 1818 191 1862 bent
205 1834 295 1863 neo
318 1822 559 1866 nubentur
580 1830 720 1867 erunt
742 1825 864 1868 sicut
885 1827 1043 1882 angeli
1060 1827 1150 1870 Dei
1170 1827 1220 1870 in
1244 1829 1358 1874 celo.

74 1896 309 1941 Exultant
329 1900 529 1955 apostoli
551 1900 770 1945 videntes
792 1918 922 1946 suam
943 1905 1163 1948 renovari
1196 1904 1360 1962 vitam,

71 1971 295 2028 predicari
326 1974 600 2032 doctrinam,
634 1978 900 2024 sanctitatis
924 1981 1140 2036 precipue
1165 1996 1248 2038 per
1271 1997 1355 2026 vos

71 2048 254 2092 ostendi
267 2053 488 2108 exempla.
551 2053 785 2098 Letantur
818 2057 1032 2100 martires
1052 2064 1358 2115 expectantes

72 2127 190 2170 sacri
209 2129 451 2185 sanguinis
472 2130 697 2176 effusione
729 2148 889 2177 eorum
920 2137 1232 2192 representari
1254 2152 1359 2181 con-

71 2205 305 2249 stantiam.
370 2207 653 2263 Tripudiant
696 2210 982 2256 confessores
1025 2213 1226 2257 scientes
1268 2215 1358 2260 fre-

72 2287 272 2337 quenter
304 2298 462 2327 eorum
485 2285 736 2330 victoriam
760 2286 816 2330 de
839 2289 1036 2333 inimico
1059 2295 1359 2338 rememorari

71 2357 124 2401 in
155 2359 301 2403 vobis.
372 2361 406 2405 J
408 2361 593 2406 ubilant
634 2365 840 2420 virgines
883 2372 1135 2424 sequentes
1181 2384 1357 2426 agnum
