1702 2722
365 91 418 130 30

365 184 412 222 et
442 179 602 222 lumen
625 181 869 224 oculorum
889 196 1097 225 meorum
1122 197 1219 226 non
1241 188 1311 227 est
1332 199 1514 229 mecum
1535 187 1643 241 quia

366 253 476 298 dum
508 257 641 312 quies
672 272 700 300 a
731 258 1133 314 persecutionibus
1155 259 1281 303 facta
1311 266 1382 304 est
1410 262 1534 319 filiis,
1568 261 1645 307 do-

363 332 558 376 mestico
590 338 639 376 et
668 333 898 378 intestino
939 335 1066 379 bello
1107 335 1341 380 crudelius
1380 337 1644 383 lacerantur

364 407 568 453 invicem
599 410 882 466 invidentes,
913 412 1117 456 invicem
1162 418 1467 469 provocantes
1496 415 1545 457 in
1575 429 1644 458 ac-

365 485 616 543 quisitione
650 487 922 532 divitiarum
954 496 1002 532 et
1033 488 1305 534 delitiarum
1346 491 1533 536 effluxu.
1565 493 1644 536 In-

366 562 565 606 tervallo
599 564 830 619 siquidem
866 566 1087 622 temporis
1124 573 1353 623 ceperunt
1394 569 1540 626 aliqui
1574 585 1644 613 re-

364 639 539 696 spirare
572 646 619 684 et
650 642 895 685 voluntate
926 643 1051 686 viam
1090 648 1265 688 rectam
1305 645 1542 689 ambulare
1574 661 1644 690 ce-

363 723 548 775 perunt,
581 733 717 775 quam
740 718 929 775 quidam
950 723 1158 776 tempore
1179 721 1262 764 1110
1282 723 1643 766 ambulaverunt

364 795 639 838 necessitate
673 796 914 851 compulsi.
950 797 1198 840 Venerunt
1218 797 1284 854 hij
1309 812 1469 842 omnes
1490 798 1549 842 ad
1569 815 1642 844 me

363 872 525 914 multis
547 871 762 928 precibus
794 887 846 915 ac
877 873 1083 916 lacrimis
1106 873 1291 917 assidue
1311 875 1569 930 rogitantes
1587 882 1643 919 ut

362 948 529 991 inirem
562 964 668 992 cum
701 949 766 992 eis
795 949 930 992 fedus
972 959 1196 1007 perpetue
1230 951 1369 1007 pacis,
1403 966 1640 1009 essemque

363 1039 468 1068 cum
500 1025 566 1068 eis
596 1026 720 1069 sicut
767 1026 879 1069 olim
910 1025 981 1069 fui
1022 1026 1072 1069 in
1116 1027 1281 1070 diebus
1328 1027 1640 1072 adolescentie

361 1116 475 1158 mee,
510 1101 695 1158 quando
726 1106 826 1145 erat
857 1101 1151 1159 omnipotens
1184 1119 1365 1147 mecum
1397 1108 1445 1147 et
1474 1105 1525 1147 in
1556 1105 1643 1149 cir-

360 1179 488 1221 cuito
519 1194 621 1222 meo
652 1180 787 1235 pueri
820 1180 924 1223 mei.
958 1181 1173 1223 Fuerunt
1203 1180 1277 1238 hij
1291 1181 1382 1224 viri
1406 1182 1639 1226 virtutum

361 1256 451 1298 viri
482 1256 662 1312 pacifici
692 1257 794 1299 sine
827 1258 1018 1313 querela
1059 1262 1169 1300 ante
1209 1258 1364 1300 Deum
1395 1258 1641 1313 persisten-

361 1337 431 1376 tes
458 1334 509 1376 in
542 1348 694 1376 amore
725 1333 1032 1378 fraternitatis
1054 1346 1294 1391 quousque
1324 1339 1560 1378 steterunt
1589 1335 1639 1378 in

359 1425 510 1467 carne,
543 1411 710 1466 spiritu
741 1425 978 1467 paupereS‚
1010 1411 1146 1454 rebus
1177 1411 1352 1467 inopes,
1385 1411 1636 1455 sanctitate

359 1487 461 1531 vite
492 1485 677 1538 divites,
708 1488 950 1531 celestium
999 1489 1291 1531 carismatum
1337 1486 1469 1530 donis
1514 1487 1640 1531 locu-

358 1566 521 1620 pletes,
553 1564 718 1620 spiritu
749 1563 1000 1618 ferventes,
1024 1579 1106 1620 spe
1128 1563 1400 1620 gaudentes,
1421 1565 1472 1607 in
1492 1563 1640 1609 tribu-

358 1642 536 1685 latione
583 1642 829 1698 patienteS,
879 1642 1017 1684 mites
1049 1645 1098 1684 et
1128 1641 1326 1684 humiles
1363 1640 1514 1696 corde,
1545 1655 1638 1685 ser-

359 1724 523 1762 vantes
552 1719 741 1774 spiritus
773 1733 948 1775 pacem,
973 1733 1155 1761 morum
1177 1717 1482 1775 concordiam,
1505 1717 1638 1761 cohe-

357 1797 559 1839 rentiam
589 1795 860 1853 animorum,
903 1795 1273 1839 conversationis
1313 1795 1544 1839 unitatem
1574 1795 1639 1838 io-

356 1873 570 1917 cundam.
594 1874 695 1917 Viri
717 1873 922 1929 denique
941 1873 1102 1917 devoti
1117 1874 1216 1916 Deo
1234 1877 1282 1915 et
1303 1873 1483 1929 angelis
1499 1872 1635 1927 grati,

355 1952 578 1995 amabiles
599 1951 876 2007 hominibus,
899 1952 991 1995 sibi
1009 1950 1160 2007 rigidi,
1178 1949 1501 1994 misericordes
1518 1949 1635 2006 aliis,

358 2036 467 2072 actu
482 2028 700 2084 religiosi,
715 2028 898 2071 incessu
919 2027 1132 2081 modesti,
1154 2028 1292 2071 vultu
1312 2027 1476 2084 ylares,
1499 2025 1636 2070 corde

359 2120 538 2162 graves,
584 2105 785 2147 humiles
831 2104 883 2147 in
930 2102 1173 2160 prosperis,
1221 2102 1542 2160 magnanimes
1586 2101 1636 2144 in

358 2182 578 2232 adversis,
611 2182 660 2224 in
693 2180 909 2225 convivio
943 2180 1099 2237 sobrii,
1136 2180 1187 2223 in
1218 2180 1395 2223 vestitu
1426 2179 1636 2235 parcissi-

358 2260 436 2316 mi,
470 2260 520 2302 in
552 2272 712 2302 somno
759 2255 995 2310 rarissimi,
1042 2255 1297 2300 verecundi
1338 2260 1388 2299 et
1429 2254 1636 2299 timorati

359 2337 565 2380 omnium
597 2336 823 2379 bonorum
854 2335 1049 2378 caritate
1090 2333 1342 2390 conspicui.
1383 2335 1501 2377 Erat
1529 2346 1636 2375 cum
