1702 2722
1307 134 1358 173 37

79 228 176 272 lum
192 226 413 282 studium,
434 226 491 270 de
514 228 663 270 salute
686 225 841 268 anime
862 238 964 266 rara
988 223 1192 275 collatio,
1215 222 1272 265 de
1291 238 1362 266 ce-

78 303 276 349 lestibus
307 309 356 347 et
377 303 554 347 eternis
577 309 742 358 tepens
765 299 1064 344 desiderium.
1121 300 1360 355 Ceperunt

79 381 148 425 sic
179 379 393 425 obdurati
425 381 544 423 alter
573 378 709 422 alteri
739 377 968 433 invidere,
1000 377 1122 420 alter
1158 377 1359 423 alterum

78 473 332 515 provocare
365 463 414 500 et
445 470 565 499 unus
598 454 736 499 alteri
767 452 1023 508 dominare,
1053 453 1264 510 gestiens
1287 467 1360 495 su·

78 549 160 592 per
178 534 369 579 fratrem
390 548 523 577 suum
546 532 740 576 crimine
763 530 964 588 pessimo
987 530 1243 574 accusabat.
1269 530 1359 574 De-

78 611 296 656 vitabant
326 610 486 654 tristia
516 614 792 666 appetentes
824 608 876 651 in
909 622 1002 665 quo
1034 621 1152 651 vane
1189 606 1358 662 gaude-

75 694 197 748 rent,
220 689 328 747 quia
360 703 470 733 vere
502 702 599 730 non
621 693 846 742 poterant.
878 688 1081 730 Retenta
1104 690 1262 728 tamen
1286 689 1359 728 ut-

75 782 275 824 cumque
298 766 451 824 specie
477 764 743 808 sanctitatis
766 779 824 807 ne
848 763 1036 807 omnino
1061 763 1357 816 vilescerent,

78 850 126 888 et
139 845 387 900 loquentes
402 848 561 886 sancta
579 842 799 885 miserum
813 841 1221 885 conversationem
1233 839 1358 896 apud

75 920 310 976 simplices
328 919 651 974 occultabant;
673 917 752 962 sed
774 922 908 963 tanta
931 924 1031 962 erat
1053 933 1216 962 eorum
1238 917 1359 961 inte-

75 998 211 1043 rioris
242 998 444 1042 hominis
476 997 726 1041 dissolutio
758 996 881 1053 quod
919 1011 967 1039 se
1007 996 1223 1040 cohibere
1261 1009 1358 1039 non

78 1076 238 1120 valens
266 1075 437 1132 apertis
457 1074 639 1118 inditiis
663 1074 936 1129 erumpebat
956 1072 1082 1118 foris,
1119 1074 1358 1130 Ceperunt

75 1152 274 1210 denique
297 1153 407 1196 viris
430 1152 716 1196 secularibus
739 1151 932 1208 adulari,
958 1158 1004 1196 et
1027 1167 1136 1195 cum
1169 1151 1234 1195 eis
1255 1151 1358 1194 iun-

73 1243 182 1286 gere
203 1229 556 1273 matrimonium
582 1235 636 1272 ut
666 1233 948 1272 excuterent
984 1229 1150 1273 bursas
1185 1243 1356 1286 eorum,

73 1310 123 1349 et
149 1305 486 1362 amplificarent
519 1305 699 1349 edificia
720 1311 768 1349 et
790 1306 1168 1364 multiplicarent
1191 1322 1245 1350 ea
1268 1321 1357 1364 que

72 1382 261 1439 penitus
281 1388 620 1428 recusaverant.
654 1383 939 1429 Vendebant
959 1386 1102 1429 verba
1126 1384 1356 1429 divitibus

71 1465 120 1504 et
139 1461 428 1505 matronibus
449 1461 767 1518 salutationes,
791 1462 944 1506 curias
967 1477 1132 1519 regum
1154 1478 1208 1506 ac
1230 1463 1356 1520 prin-

69 1537 227 1594 cipum
259 1539 385 1582 omni
414 1537 569 1583 studio
602 1538 985 1596 frequentabant,
1019 1544 1073 1583 ut
1103 1541 1357 1597 iungerent

70 1613 258 1658 domum
281 1614 336 1659 ad
362 1614 563 1670 domum,
588 1621 637 1659 et
658 1631 820 1674 agrum
843 1631 954 1674 agro
977 1618 1268 1674 copularent.
1292 1619 1356 1661 Εἰ

67 1707 194 1736 nunc
225 1693 515 1751 magnificati
548 1699 660 1738 sunt
692 1699 740 1738 et
772 1694 924 1749 ditati,
957 1695 1215 1740 confortati
1245 1702 1355 1739 sunt

64 1769 118 1812 in
138 1775 263 1814 terra
293 1770 375 1827 qui
407 1769 463 1814 de
500 1771 620 1816 malo
652 1770 711 1815 ad
743 1773 918 1815 malum
950 1773 1128 1829 egressi
1161 1779 1274 1817 sunt
1306 1777 1355 1817 et

67 1846 304 1891 dominum
336 1862 433 1891 non
467 1855 804 1904 cognoverunt.
839 1849 1128 1893 Ceciderunt
1160 1850 1271 1893 dum
1292 1851 1355 1894 al-

63 1923 346 1978 levarentur,
381 1925 584 1981 prolapsi
622 1931 734 1968 sunt
766 1926 815 1968 in
839 1932 962 1970 terra
997 1932 1108 1970 ante
1130 1927 1353 1972 nativita-

65 2005 175 2059 tem,
195 2007 244 2046 et
258 2001 368 2046 inde
385 2002 551 2046 dicunt
570 2003 711 2046 michi
726 2029 783 2034 —-
802 2004 972 2047 Sumus
995 2005 1135 2048 amici
1154 2005 1238 2048 tui.
1264 2006 1354 2049 Do-

64 2079 167 2122 lens
198 2078 415 2124 dolebam
437 2095 523 2137 ego
547 2080 603 2125 de
627 2079 905 2138 quibusdam
928 2082 1091 2139 magis,
1116 2083 1225 2139 quia
1248 2097 1355 2126 cum

63 2155 113 2199 in
146 2156 302 2199 seculo
335 2157 446 2200 satis
468 2156 674 2201 fuissent
697 2158 860 2202 miseri
882 2164 932 2202 et
958 2160 1355 2216 contempnibiles

61 2236 306 2287 postquam
336 2236 575 2276 venerunt
607 2232 665 2277 ad
699 2249 772 2278 me
805 2233 987 2279 divites
1008 2235 1124 2280 facti
1145 2242 1270 2281 sunt.
1294 2237 1357 2281 Et

61 2297 347 2364 impinguati
376 2315 424 2352 et
459 2309 710 2354 incrassati
746 2310 918 2356 fortius
954 2313 1124 2356 ceteris
1164 2315 1356 2358 recalci-

62 2386 194 2429 trant
226 2383 498 2429 deridentes
532 2401 618 2430 me.
651 2387 747 2443 Ipsi
785 2394 911 2431 certe
950 2389 1050 2432 vita
1082 2389 1182 2446 ipsa
1223 2397 1356 2445 puta-
