1702 2722
1332 143 1384 183 39

105 235 175 293 gis
206 234 386 292 putatis
418 232 648 276 deteriora
679 233 846 276 mereri
878 232 1108 289 supplicia
1129 232 1210 289 qui
1233 230 1383 274 filium

103 313 195 357 Dei
226 311 583 368 conculcaverit,
608 315 658 354 et
687 310 967 367 sanguinem
992 309 1265 353 testamenti
1287 310 1385 366 pol-

105 390 258 436 lutum
287 390 459 435 dixerit
480 392 531 434 in
553 405 645 448 quo
668 389 990 434 sanctificatus
1015 395 1090 432 est
1122 394 1170 433 et
1194 389 1382 445 spiritui

103 467 250 524 gratie
282 468 568 512 contumelia
589 466 786 511 fecerit?
801 465 974 511 Redite
998 482 1108 524 ergo
1125 466 1383 522 prevarica-

104 550 228 590 tores
243 545 300 590 ad
323 560 402 590 cor
422 544 533 602 quia
554 559 650 588 non
672 545 722 588 in
745 543 1076 588 habundantia
1107 543 1382 600 cuiusquam

104 624 204 668 vita.
231 628 312 677 est,
335 638 392 666 ex
412 622 503 666 hiis
536 638 628 679 que
661 621 880 679 possidet.
943 620 1011 664 At
1043 621 1131 678 ipsi
1162 620 1379 676 indigna—

107 707 177 746 tes
207 700 427 745 dicebant
461 726 511 732 —
548 699 681 745 Vade
714 715 740 743 0
773 699 959 753 misera,
991 698 1156 742 recede
1185 698 1381 743 anobis.

104 777 328 822 Semitam
359 777 541 821 viarum
578 782 764 820 tuarum
806 777 1037 820 nolumus.
1101 777 1167 819 Et
1208 775 1282 818 aio
1325 774 1385 818 ad

103 867 181 898 eos
215 880 265 886 -
300 854 590 898 Miseremini
621 853 728 910 mei,
763 851 1051 896 miseremini
1081 852 1188 906 mei,
1220 851 1385 895 saltem

103 945 188 975 vos
234 929 374 974 amici
419 929 523 974 mei.
588 930 740 982 Quare
786 928 1131 984 persequamini
1172 943 1246 971 me
1287 927 1387 971 81110

103 1009 272 1053 causa?
321 1007 560 1063 Numquid
610 1022 706 1050 non
745 1006 843 1050 dixi
881 1006 1018 1050 vobis
1061 1004 1170 1062 quia
1210 1005 1303 1048 mei
1333 1019 1386 1048 ac

103 1085 246 1129 vestri
277 1099 426 1128 mores
455 1099 552 1142 non
584 1085 936 1128 convenerent‘?
967 1084 1043 1126 En
1084 1082 1272 1139 penitet
1312 1097 1385 1125 me

103 1161 276 1205 vidisse
309 1175 404 1204 vos.
436 1162 501 1204 Et
530 1159 680 1204 factus
712 1166 782 1203 est
813 1174 960 1203 sermo
993 1159 1188 1203 Domini
1219 1159 1278 1201 ad
1310 1175 1384 1203 me

103 1237 260 1283 dicens
289 1263 334 1270 ——
371 1239 642 1290 Revertere‚
666 1229 901 1280 revertere
935 1235 1203 1293 sunamitis,
1230 1250 1384 1280 rever-

104 1320 216 1370 tere,
239 1319 471 1359 revertere
493 1319 545 1356 ut
567 1315 776 1358 intueam
803 1321 865 1358 te.
898 1314 996 1369 Ipsi
1017 1314 1105 1357 filii
1127 1314 1384 1357 irritatores

105 1399 216 1436 sunt
250 1396 299 1435 et
329 1393 503 1435 nolunt
523 1391 683 1436 audire
707 1398 768 1449 te,
791 1391 901 1449 quia
922 1393 1091 1435 nolunt
1112 1391 1273 1435 audire
1296 1406 1383 1435 me.

107 1469 303 1512 Factum
333 1474 404 1512 est
423 1469 489 1511 eis
510 1484 587 1512 cor
607 1469 898 1513 incredulum
923 1474 971 1512 et
994 1483 1295 1524 exasperans:
1317 1483 1387 1512 re-

108 1550 344 1590 cesserunt
374 1551 422 1590 et
452 1546 682 1603 abierunt,
720 1561 815 1590 non
853 1546 979 1589 enim
1021 1546 1297 1590 abiecerunt
1338 1550 1386 1589 te

107 1623 205 1666 sine
228 1638 314 1668 me.
366 1624 438 1667 Tu
470 1623 598 1667 enim
628 1624 714 1667 hos
748 1624 947 1667 docuisti
978 1623 1227 1667 adversum
1250 1628 1312 1681 te,
1338 1628 1386 1667 et

106 1699 299 1743 erudisti
331 1715 409 1744 eos
440 1701 490 1744 in
522 1707 661 1757 caput
693 1710 826 1745 tuum
858 1702 967 1758 quia
1000 1702 1090 1744 nisi
1121 1701 1385 1757 assumpsis-

105 1779 211 1819 sent
234 1787 280 1820 te
303 1792 556 1833 numquam
579 1779 645 1821 sic
668 1777 808 1822 ditati
829 1778 1041 1822 fuissent.
1085 1778 1386 1822 Simulabant

104 1851 295 1910 diligere
327 1860 387 1911 te,
421 1860 476 1897 ut
506 1855 572 1898 sic
603 1855 870 1899 beneficiati
901 1854 1195 1899 recederent.
1244 1856 1385 1912 Prop-

103 1938 228 1975 terea
258 1947 364 1976 cum
386 1933 692 1989 temptatione
724 1933 918 1977 adversa
938 1933 1088 1977 aversi
1108 1938 1217 1976 sunt
1240 1938 1288 1976 et
1308 1948 1385 1990 ap-

102 2008 442 2063 prehendentes
464 2010 757 2054 mendacium
790 2011 1046 2055 noluerunt
1077 2012 1266 2055 reverti.
1312 2011 1383 2054 Ne

102 2086 311 2128 interum
341 2085 501 2130 credas
524 2087 590 2130 eis
611 2103 717 2131 cum
749 2089 896 2131 locuti
929 2088 1109 2133 fuerint
1130 2089 1221 2132 tibi
1244 2089 1380 2146 bona,

103 2162 211 2218 quia
242 2161 334 2218 ipsi
366 2169 746 2220 contempserunt
780 2170 826 2208 te
859 2174 904 2209 et
944 2172 1143 2222 querent
1180 2167 1383 2210 animam

103 2243 244 2282 tuam.
277 2239 351 2283 Ne
383 2254 588 2284 assumas
621 2242 806 2286 laudem
839 2250 886 2287 et
917 2245 1151 2288 orationes
1183 2260 1266 2301 pro
1300 2244 1380 2301 eis,

102 2316 212 2374 quia
243 2331 339 2360 non
372 2317 616 2364 exaudiam
648 2325 709 2371 te,
742 2322 918 2365 etenim
961 2322 1109 2366 abieci
1153 2337 1231 2365 eos
1273 2322 1383 2378 quia

103 2393 191 2451 ipsi
223 2399 501 2450 spreverunt
535 2402 594 2441 te.
