1702 2722
1328 118 1379 157 19

97 227 153 259 ut
183 214 331 259 nubes
362 214 528 257 volant
559 218 608 255 et
638 211 771 269 quasi
802 209 1018 253 columbe
1050 206 1105 250 ad
1146 207 1377 251 fenestras

101 294 242 337 suas?
301 290 395 335 Diu
415 290 541 334 enim
563 293 633 332 est
653 286 778 344 quod
802 287 920 330 tales
942 299 1038 328 non
1062 283 1160 328 vidi
1192 299 1281 327 nec
1312 284 1377 328 sic

97 368 343 425 expeditos
365 367 579 411 omnibus
598 363 795 409 abiectis
818 363 1039 407 oneribus
1057 361 1235 405 intuita
1255 377 1370 405 sum.

98 447 283 503 Loquar
311 459 419 501 ergo
449 442 507 487 ad
537 457 615 486 eos
645 442 724 499 qui
754 440 964 484 in'corde
987 453 1090 483 meo
1113 443 1375 493 versantur,

100 537 188 566 nec
217 522 339 566 sicut
358 520 502 564 ceteri
523 524 655 562 tante
687 516 973 562 ascensionis
1004 517 1269 572 peniteant,
1293 514 1378 558 cir-

99 597 472 644 cumadjacentes
492 611 580 640 nec
601 596 848 639 intuentes
869 595 1073 652 abyssos.
1138 594 1245 638 Scio
1267 593 1374 636 illos

98 692 172 722 me
202 675 548 734 apprehendere
580 690 676 717 non
710 688 846 731 posse
869 673 968 716 sine
1000 686 1104 715 meo
1136 686 1375 727 consensu,

95 759 166 798 set
186 753 310 797 erint
330 752 471 797 michi
492 767 717 796 memores
739 767 893 795 coram
914 757 1044 808 patre
1067 766 1170 794 meo
1194 751 1373 806 celesti,

95 831 137 875 si
182 830 346 875 salutis
387 829 631 874 consilium
672 829 840 873 dedero
883 829 964 872 eis.
1026 830 1093 872 Et
1133 843 1238 872 ecce
1282 842 1374 872 vox

95 909 221 953 facta
242 914 316 952 est
335 908 394 952 ad
416 923 517 952 eam
539 908 699 953 dicens
722 933 772 940 —
799 908 911 951 Noli
933 907 1098 951 timere
1130 908 1225 951 filia
1246 908 1374 963 Syon

96 987 208 1044 quia
236 986 316 1030 isti
352 991 464 1030 sunt
494 999 650 1029 semen
693 984 770 1028 cui
801 983 1048 1028 benedixit
1079 983 1294 1027 dominus
1325 989 1375 1027 et

95 1064 148 1107 in
175 1064 366 1108 caritate
396 1079 491 1108 non
511 1067 622 1108 ficta
641 1064 799 1121 elegit.
861 1063 1029 1119 Sicque
1050 1063 1101 1105 in
1125 1063 1240 1106 solio
1262 1077 1373 1119 pau-

96 1143 289 1198 pertatis
319 1157 400 1186 sue
432 1141 618 1186 domina
648 1144 902 1198 Paupertas
933 1156 979 1183 se
1010 1140 1242 1183 reclinans
1273 1155 1374 1196 pre-

95 1220 230 1264 venit
269 1234 347 1264 eos
376 1221 427 1263 in
449 1218 856 1263 benedictionibus
888 1218 1150 1262 dulcedinis
1181 1224 1229 1263 et
1251 1217 1372 1261 dixit

93 1296 158 1340 eis
182 1321 230 1328 -
258 1297 357 1348 Quo
393 1297 456 1340 sit
476 1311 613 1340 causa
633 1295 864 1339 adventus
885 1296 1030 1338 vestri
1050 1294 1191 1338 dicite
1214 1294 1370 1349 michi,

90 1373 269 1430 fratreS,
291 1378 340 1418 et
360 1388 499 1429 quare
522 1380 618 1417 tam
638 1374 920 1417 festinanter
950 1373 1128 1417 venitis
1159 1372 1214 1416 de
1247 1372 1371 1415 valle

92 1450 362 1494 miserorum
392 1449 452 1494 ad
487 1455 693 1494 montem
725 1451 964 1494 claritatis,
1027 1450 1105 1494 An
1137 1449 1257 1494 forte
1295 1465 1370 1493 me

93 1526 317 1583 queritis?
378 1526 478 1579 Que
507 1531 562 1569 ut
592 1525 765 1570 videtis
796 1540 898 1569 sum
930 1527 1213 1582 paupercula
1256 1531 1369 1568 tem·

91 1609 268 1662 pestate
290 1605 512 1648 convulsa
533 1605 704 1661 absque
737 1605 832 1648 ulla
863 1605 1215 1649 consolatione?

178 1682 246 1725 At
275 1682 365 1739 ipsi
394 1682 737 1738 responderunt
769 1681 980 1725 dicentes
1014 1708 1064 1713 —
1100 1681 1177 1725 Ad
1210 1688 1255 1725 te
1289 1696 1366 1725 ve-

89 1759 242 1802 nimus
273 1759 461 1803 domina
491 1765 660 1814 nostra,
694 1760 989 1804 obsecramus
1012 1760 1192 1815 suscipe
1210 1774 1294 1802 nos
1315 1760 1366 1803 in

88 1849 212 1892 pace.
266 1836 402 1880 Servi
419 1836 541 1879 effici
557 1836 770 1893 cupimus
789 1835 966 1880 domini
985 1837 1229 1893 virtutum,
1255 1836 1366 1893 quia

90 1911 189 1968 ipse
220 1917 294 1956 est
324 1928 405 1956 rex
435 1913 596 1970 glorie.
659 1913 943 1957 Audivimus
964 1919 1010 1956 te
1031 1914 1242 1969 reginam
1263 1912 1364 1957 fore

90 1990 320 2034 virtutum
351 1997 400 2034 et
431 1995 686 2047 utcumque
735 1990 1056 2047 experimento
1098 1991 1362 2035 didicimus.

90 2067 343 2122 Propterea
385 2066 479 2110 tuis
519 2065 719 2124 pedibus
760 2067 1001 2123 pervoluti
1049 2068 1366 2124 supplicamus

89 2142 330 2187 humiliter
358 2149 412 2188 ut
443 2142 645 2201 digneris
678 2159 778 2187 esse
811 2144 1055 2188 nobiscum
1078 2151 1126 2188 et
1147 2145 1208 2188 sis
1230 2146 1366 2189 nobis

88 2220 167 2264 via
197 2220 503 2277 perveniendi
525 2221 584 2265 ad
603 2218 765 2279 regem
788 2224 951 2279 glorie,
985 2223 1111 2266 sicut
1131 2223 1263 2266 fuisti
1285 2223 1364 2268 via

88 2297 179 2341 sibi
209 2296 397 2354 quando
430 2298 646 2354 dignatus
678 2305 747 2343 est
769 2300 961 2343 visitare
983 2299 1200 2344 sedentes
1222 2301 1273 2344 in
1296 2305 1365 2344 te-

86 2375 244 2419 nebris
277 2381 324 2419 et
357 2375 520 2419 umbra
550 2376 711 2420 mortis
741 2377 893 2420 oriens
926 2393 985 2420 ex
1006 2379 1116 2422 alto.
1181 2379 1363 2422 Scimus
