1702 2722
1305 123 1359 161 45

77 210 273 268 gladios.
337 211 474 255 Nunc
498 215 654 254 autem
688 209 906 253 dentibus
927 211 1110 253 cultelli
1131 211 1235 254 vice
1259 215 1358 254 ute-

73 303 135 342 re,
167 291 223 330 et'
248 293 409 343 postea
443 286 804 342 providebimus.
867 287 933 330 Et
965 285 1087 329 dixit
1121 311 1168 316 —
1207 287 1270 329 Et
1292 287 1358 329 vi-

73 379 187 408 num
207 370 321 422 aput
344 378 425 406 vos
448 369 520 407 est
542 363 891 420 aliquantulum
905 365 926 407 P
986 361 1356 418 Responderunt

73 441 147 486 illi
178 441 388 486 dicentes
421 466 480 472 -
510 441 712 484 Domina
749 444 909 483 nostra
952 440 1116 483 vinum
1150 453 1245 482 non
1278 439 1355 484 ha-

74 519 251 576 bemus,
284 520 504 576 quoniam
545 517 736 561 initium
767 517 867 560 vite
900 517 1103 561 hominis
1133 517 1271 574 panis
1304 523 1354 561 et

71 611 202 653 aqua,
226 602 274 640 et
306 595 393 640 tibi
427 595 585 639 bibere
609 596 774 638 vinum
796 609 892 637 non
925 599 997 638 est
1028 594 1219 650 bonum,
1244 595 1354 651 quia

75 688 242 731 sponsa
275 673 451 717 Christi
481 673 648 716 vinum
681 671 821 716 debet
851 671 1015 729 fugere
1038 687 1118 729 pro
1151 686 1353 715 veneno.

71 751 328 807 Postquam
351 750 586 794 exaturati
617 754 742 807 sunt,
774 749 922 804 magis
954 750 1221 792 exultantes
1255 750 1354 793 ino-

70 828 144 884 pie
181 828 332 885 gloria
364 843 503 885 quam
539 833 696 870 essent
731 841 886 870 rerum
925 827 1133 870 omnium
1169 827 1352 870 habun-

71 903 248 961 dantia,
280 903 630 948 benedixerunt
660 902 848 947 domino
874 903 922 946 in
944 903 1075 946 cuius
1097 907 1356 960 conspectu

71 986 253 1026 tanta-m
283 982 573 1026 invenerunt
601 981 802 1037 gratiam
833 987 881 1025 et
912 979 1149 1024 duxerunt
1172 996 1272 1024 eam
1294 980 1353 1025 ad

71 1059 224 1103 locum
240 1060 290 1102 in
307 1074 399 1117 quo
415 1059 673 1116 quiesceret
690 1060 799 1116 quia
812 1058 1012 1117 fatigata
1034 1066 1147 1103 erat.
1182 1060 1352 1117 Sicque

69 1151 208 1193 super
224 1135 398 1180 nudam
415 1137 610 1180 humum
641 1135 815 1179 nudam
848 1151 897 1179 se
930 1136 1139 1193 proiecit.
1202 1136 1354 1194 Petijt

73 1228 258 1270 quoque
291 1213 510 1270 pulvinar
540 1214 598 1258 ad
631 1219 769 1271 caput
801 1229 951 1257 suum.
1014 1214 1080 1258 At
1100 1215 1171 1258 illi
1192 1216 1352 1258 statim

65 1295 373 1348 portaverunt
394 1290 594 1347 lapidem
618 1296 666 1335 et
689 1297 1044 1347 supposuerunt
1060 1293 1116 1336 ei.
1155 1293 1253 1335 Ista
1274 1308 1354 1336 ve-

63 1381 114 1411 ro
145 1367 424 1424 quetissimo
455 1382 650 1425 sompno
681 1383 734 1412 ac
766 1369 922 1411 sobrio
965 1367 1214 1427 dormiens,
1248 1385 1347 1414 sur·

64 1444 186 1488 rexit
214 1444 497 1489 festinanter
528 1452 695 1502 petens
726 1447 818 1490 sibi
851 1447 1110 1492 claustrum
1143 1449 1344 1493 ostendi.

65 1523 130 1566 Et
159 1521 449 1567 adducentes
472 1538 574 1567 eam
595 1524 645 1566 in
667 1522 870 1580 quodam
887 1526 1010 1568 colle
1033 1527 1345 1571 ostenderunt

67 1599 110 1642 ei
142 1603 297 1644 totum
329 1600 486 1643 orbem
519 1615 656 1657 quem
677 1601 906 1657 respicere
928 1608 1113 1658 poterat
1134 1604 1346 1648 dicentes

68 1701 120 1708 —
146 1677 248 1719 Hoc
280 1680 352 1720 est
382 1678 638 1721 claustrum
668 1683 896 1736 nostrum,
931 1679 1131 1724 domina.
1194 1683 1342 1727 Jussit

63 1753 166 1810 ipsa
197 1755 389 1810 penitus
420 1756 669 1801 consedere
702 1762 751 1802 et
782 1758 927 1802 verba
956 1760 1056 1802 vite
1086 1758 1244 1804 locuta
1277 1767 1349 1805 est

63 1830 120 1874 ad
151 1831 261 1875 illos
293 1831 468 1878 dicens.

150 1933 210 1940 —-
230 1908 482 1955 Benedicti
515 1926 596 1955 vos
627 1913 713 1956 filii
747 1929 773 1957 a
806 1913 996 1958 domino
1029 1914 1107 1972 qui
1141 1914 1254 1959 fecit
1275 1931 1345 1959 ce-

64 1986 163 2028 lum
196 1989 246 2030 et
275 1991 472 2046 terram⁷
517 1989 598 2046 qui
637 1995 772 2035 tanta
802 1991 1016 2035 caritatis
1046 1992 1341 2050 plenitudine

62 2063 113 2106 in
155 2062 291 2107 domo
332 2069 489 2108 vestra
531 2081 604 2110 me
646 2068 941 2125 suscepistis,
985 2075 1037 2114 ut
1078 2071 1233 2114 visum
1276 2071 1340 2115 sit

61 2139 206 2184 michi
237 2141 376 2185 hodie
408 2158 509 2187 esse
543 2144 784 2189 vobiscum
806 2152 1029 2204 tanquam
1051 2149 1103 2191 in
1125 2149 1341 2205 paradiso

61 2217 163 2261 Dei.
198 2218 457 2274 Propterea
486 2212 667 2277 repleta
688 2237 789 2266 sum
811 2224 998 2282 gaudio,
1022 2227 1342 2282 superhabun-

60 2291 119 2336 do
140 2295 473 2340 consolatione.
537 2298 602 2341 Et
625 2299 732 2356 quia
754 2305 941 2345 tantum
963 2304 1127 2346 venire
1150 2304 1336 2348 tardavi

63 2371 253 2414 veniam
298 2377 422 2428 peto.
485 2373 609 2418 Vere
652 2375 868 2421 dominus
906 2383 976 2423 est
1013 2380 1249 2425 vobiscum
1292 2387 1341 2426 et
