1702 2722
345 116 400 154 44

346 204 448 258 Ipsa
479 219 590 248 vero
622 219 728 248 cum
756 205 1014 260 gratiarum
1044 205 1228 249 actione
1249 205 1332 261 illa
1354 206 1619 262 suscipiens

347 280 677 338 magnificabat
709 282 860 325 Deum
891 282 940 324 in
975 287 1074 325 toto
1105 280 1244 324 corde
1276 296 1374 338 suo,
1405 282 1487 339 qui
1517 283 1622 337 tali-

346 357 433 401 bus
465 373 567 401 eam
597 358 838 402 assotiavit
868 358 1150 402 hominibus.
1212 358 1396 410 Deinde
1427 359 1624 404 duxere-

344 440 459 478 runt
492 451 595 478 eam
635 433 693 478 ad
736 437 887 480 locum
920 436 971 479 in
1004 451 1096 491 quo
1128 451 1287 479 mensa
1317 441 1478 492 parata
1509 442 1622 481 erat.

348 512 448 562 Quo
468 526 570 554 cum
594 511 761 555 fuisset
781 511 1002 568 perducta
1021 513 1232 569 respexit
1253 518 1303 556 et
1322 513 1471 556 nichil
1493 512 1622 556 aliud

347 588 514 632 videns
555 603 694 645 quam
737 589 827 633 tria
868 590 941 632 vel
978 593 1176 645 quatuor
1206 589 1358 633 frusta
1389 590 1522 647 panis
1554 605 1624 634 or-

347 664 504 708 deacei
526 669 574 708 et
594 665 742 708 furcei
762 667 912 723 posita
933 681 1071 722 super
1091 667 1300 723 germina
1322 667 1626 710 vehementer

346 741 575 784 admirata
609 748 680 785 est
711 742 841 785 intra
863 757 911 785 se
934 741 1095 785 dicens
1116 767 1175 773 --
1193 742 1306 794 Quis
1327 756 1532 799 unquam
1554 743 1622 786 vi-

346 817 417 861 dit
434 819 546 862 talia
561 819 612 861 in
634 819 1020 874 generationibus
1041 820 1335 864 seculorum?
1396 819 1621 863 Benedic-

344 901 421 939 tus
453 902 505 938 tu
548 894 735 938 domine
774 897 902 939 Deus
942 896 1018 939 cui
1059 902 1132 939 est
1163 911 1273 939 cura
1304 895 1361 939 de
1393 896 1619 943 omnibus.

345 972 515 1016 Subest
545 972 633 1015 tibi
664 986 794 1029 posse
828 987 935 1015 cum
966 973 1170 1018 volueris
1192 976 1241 1015 et
1264 971 1465 1022 docuisti
1482 987 1624 1029 popu-

344 1051 444 1094 lum
473 1055 606 1093 tuum
637 1065 719 1107 per
750 1050 863 1094 talia
894 1066 1034 1107 opera
1065 1051 1250 1106 placere
1282 1050 1384 1094 tibi.
1451 1050 1620 1106 Sicque

344 1127 654 1172 consederunt
694 1128 881 1185 penitus
910 1128 1087 1185 gratias
1117 1133 1311 1185 agentes
1350 1129 1451 1171 Deo
1482 1142 1624 1184 super

346 1206 501 1249 omnia
516 1205 636 1249 dona
651 1221 746 1250 sua.
809 1206 842 1250 J
844 1206 962 1248 ussit
982 1206 1142 1263 itaque
1161 1205 1350 1250 domina
1364 1206 1622 1260 Paupertas

345 1284 583 1340 apportari
614 1289 748 1327 cocta
779 1284 953 1328 cibaria
983 1284 1034 1327 in
1055 1283 1292 1327 scutellis>
1343 1284 1409 1326 Et
1429 1298 1536 1327 ecce
1557 1284 1622 1327 al-

342 1360 438 1404 lata
470 1366 542 1404 est
572 1360 770 1404 scutella
800 1375 893 1404 una
930 1361 1070 1416 plena
1100 1375 1219 1417 aqua
1249 1358 1433 1417 frigida,
1465 1364 1520 1402 ut
1551 1359 1620 1403 in-

345 1438 586 1495 tingerent
617 1452 778 1481 omnes
809 1437 859 1480 in
891 1452 944 1480 ea
984 1452 1163 1494 panem.
1226 1438 1334 1481 Non
1366 1438 1490 1480 enim
1523 1442 1622 1481 erat

343 1514 410 1556 ibi
442 1514 573 1570 copia
616 1514 918 1557 scutellarum
959 1519 1041 1557 aut
1071 1528 1325 1570 coquorum
1355 1513 1613 1570 pluralitas.

347 1589 495 1647 Petijt
535 1591 715 1646 aliquas
757 1591 923 1634 saltem
964 1590 1133 1633 herbas
1165 1588 1420 1633 odoriferas
1453 1587 1618 1632 crudas

345 1668 436 1710 sibi
459 1667 664 1724 preberi3
697 1666 779 1711 sed
811 1668 1075 1710 ortolanum
1107 1681 1203 1710 non
1234 1666 1463 1710 habentes
1481 1669 1531 1709 et
1551 1678 1620 1709 or—

345 1749 445 1787 tum
478 1744 743 1798 nescientes
773 1744 1069 1800 collegerunt
1091 1743 1140 1786 in
1162 1743 1284 1788 silva
1303 1743 1471 1788 herbas
1491 1756 1620 1798 agre-

343 1828 436 1866 stes
468 1827 516 1864 et
547 1827 804 1878 posuerunt
826 1837 979 1864 coram
1012 1837 1077 1865 ea.
1143 1821 1241 1873 Que
1272 1820 1339 1864 ait
1369 1845 1427 1851 -
1447 1820 1619 1864 Parum

344 1899 450 1944 salis
482 1900 644 1944 afferte
676 1906 730 1944 ut
770 1900 931 1944 saliam
971 1899 1137 1944 herbas
1169 1899 1278 1956 quia
1308 1912 1461 1941 amare
1493 1900 1619 1942 sunt.

348 2003 397 2008 —
423 1979 632 2033 Expecta
661 1976 897 2034 inquiunt,
931 1976 1134 2029 domina,
1165 1974 1466 2032 quoadusque
1506 1974 1621 2017 civi-

345 2060 491 2098 tatem
522 2053 752 2096 intremus
784 2058 833 2097 et
865 2054 1135 2096 afferramus
1168 2052 1258 2095 tibi
1288 2052 1328 2095 si
1358 2050 1503 2094 fuerit
1540 2050 1622 2107 qui

344 2131 538 2186 prebeat
559 2130 707 2173 nobis.
736 2155 785 2161 —
811 2130 1010 2173 Prebete
1031 2128 1189 2185 inquit
1210 2128 1351 2171 michi
1373 2126 1614 2171 cultellum

343 2213 399 2250 ut
430 2205 677 2261 emundem
718 2206 961 2262 superflua,
1004 2211 1052 2249 et
1092 2203 1297 2248 incidam
1333 2217 1499 2259 panem
1537 2202 1620 2260 qui

346 2286 484 2337 valde
505 2285 646 2329 durus
668 2290 716 2328 et
738 2285 889 2329 siccus
910 2291 995 2329 est.
1059 2285 1239 2328 Dicunt
1269 2285 1313 2328 ei
1339 2308 1389 2316 —
1415 2282 1620 2330 Domina

345 2378 437 2406 non
470 2362 691 2407 habemus
721 2361 906 2405 fabrum
936 2361 1178 2404 ferrarium
1210 2361 1290 2417 qui
1320 2359 1463 2404 faciat
1484 2358 1619 2403 nobis
