<?xml version="1.0" encoding="UTF-8"?>
<!DOCTYPE html PUBLIC "-//W3C//DTD XHTML 1.0 Transitional//EN"
    "http://www.w3.org/TR/xhtml1/DTD/xhtml1-transitional.dtd">
<html xmlns="http://www.w3.org/1999/xhtml" xml:lang="en" lang="en">
 <head>
  <title>
</title>
<meta http-equiv="Content-Type" content="text/html;charset=utf-8" />
  <meta name='ocr-system' content='tesseract 3.04.00' />
  <meta name='ocr-capabilities' content='ocr_page ocr_carea ocr_par ocr_line ocrx_word'/>
</head>
<body>
  <div class='ocr_page' id='page_1' title='image "./notaalcantoxiver00alviuoft/notaalcantoxiver00alviuoft_0019.png"; bbox 0 0 1702 2722; ppageno 0'>
   <div class='ocr_carea' id='block_1_1' title="bbox 1346 112 1395 150">
    <p class='ocr_par' dir='ltr' id='par_1_1' title="bbox 1346 112 1395 150">
     <span class='ocr_line' id='line_1_1' title="bbox 1346 112 1395 150; baseline -0.02 0"><span class='ocrx_word' id='word_1_1' title='bbox 1346 112 1395 150; x_wconf 84' lang='lat'>15</span> 
     </span>
    </p>
   </div>
   <div class='ocr_carea' id='block_1_2' title="bbox 110 195 1396 2411">
    <p class='ocr_par' dir='ltr' id='par_1_2' title="bbox 110 195 1396 2411">
     <span class='ocr_line' id='line_1_2' title="bbox 114 195 1394 248; baseline -0.004 0"><span class='ocrx_word' id='word_1_2' title='bbox 114 205 178 248; x_wconf 87' lang='lat' dir='ltr'>Et</span> <span class='ocrx_word' id='word_1_3' title='bbox 207 207 308 247; x_wconf 81' lang='lat' dir='ltr'>erat</span> <span class='ocrx_word' id='word_1_4' title='bbox 338 202 532 245; x_wconf 84' lang='lat' dir='ltr'>verbum</span> <span class='ocrx_word' id='word_1_5' title='bbox 574 199 702 243; x_wconf 88' lang='lat' dir='ltr'>istud</span> <span class='ocrx_word' id='word_1_6' title='bbox 733 199 1059 244; x_wconf 83' lang='lat' dir='ltr'>absconditum</span> <span class='ocrx_word' id='word_1_7' title='bbox 1090 201 1156 243; x_wconf 87' lang='lat' dir='ltr'>eis</span> <span class='ocrx_word' id='word_1_8' title='bbox 1179 204 1228 243; x_wconf 90' lang='lat' dir='ltr'>et</span> <span class='ocrx_word' id='word_1_9' title='bbox 1259 195 1394 244; x_wconf 85' lang='lat' dir='ltr'>velut</span> 
     </span>
     <span class='ocr_line' id='line_1_3' title="bbox 114 272 1391 336; baseline -0.004 -10"><span class='ocrx_word' id='word_1_10' title='bbox 114 283 375 335; x_wconf 82' lang='lat' dir='ltr'>barbarum,</span> <span class='ocrx_word' id='word_1_11' title='bbox 394 295 490 324; x_wconf 91' lang='lat' dir='ltr'>non</span> <span class='ocrx_word' id='word_1_12' title='bbox 510 272 831 336; x_wconf 61' lang='lat' dir='ltr'>intelligentes</span> <span class='ocrx_word' id='word_1_13' title='bbox 852 278 1008 334; x_wconf 88' lang='lat' dir='ltr'>ipsum</span> <span class='ocrx_word' id='word_1_14' title='bbox 1025 278 1244 322; x_wconf 80' lang='lat' dir='ltr'>dicebant</span> <span class='ocrx_word' id='word_1_15' title='bbox 1268 279 1311 322; x_wconf 91' lang='lat' dir='ltr'>ei</span> <span class='ocrx_word' id='word_1_16' title='bbox 1334 304 1391 310; x_wconf 97' lang='lat'><strong>—</strong></span> 
     </span>
     <span class='ocr_line' id='line_1_4' title="bbox 117 349 1395 413; baseline -0.004 -10"><span class='ocrx_word' id='word_1_17' title='bbox 117 359 154 403; x_wconf 91' lang='lat' dir='ltr'>O</span> <span class='ocrx_word' id='word_1_18' title='bbox 185 359 323 402; x_wconf 91' lang='lat' dir='ltr'>homo</span> <span class='ocrx_word' id='word_1_19' title='bbox 353 355 580 401; x_wconf 79' lang='lat' dir='ltr'>nescimus</span> <span class='ocrx_word' id='word_1_20' title='bbox 611 355 724 413; x_wconf 88' lang='lat' dir='ltr'>quid</span> <span class='ocrx_word' id='word_1_21' title='bbox 756 355 973 411; x_wconf 84' lang='lat' dir='ltr'>loqueris.</span> <span class='ocrx_word' id='word_1_22' title='bbox 1007 349 1240 412; x_wconf 59' lang='lat' dir='ltr'>Loquere⁴</span> <span class='ocrx_word' id='word_1_23' title='bbox 1260 355 1395 398; x_wconf 91' lang='lat' dir='ltr'>nobis</span> 
     </span>
     <span class='ocr_line' id='line_1_5' title="bbox 115 431 1392 490; baseline -0.003 -12"><span class='ocrx_word' id='word_1_24' title='bbox 115 435 164 478; x_wconf 90' lang='lat' dir='ltr'>in</span> <span class='ocrx_word' id='word_1_25' title='bbox 197 435 361 490; x_wconf 87' lang='lat' dir='ltr'>lingua</span> <span class='ocrx_word' id='word_1_26' title='bbox 403 437 562 476; x_wconf 85' lang='lat' dir='ltr'>nostra</span> <span class='ocrx_word' id='word_1_27' title='bbox 605 437 653 476; x_wconf 92' lang='lat' dir='ltr'>et</span> <span class='ocrx_word' id='word_1_28' title='bbox 693 431 1074 487; x_wconf 84' lang='lat' dir='ltr'>respondebimus</span> <span class='ocrx_word' id='word_1_29' title='bbox 1122 432 1224 476; x_wconf 92' lang='lat' dir='ltr'>tibi.</span> <span class='ocrx_word' id='word_1_30' title='bbox 1286 433 1392 476; x_wconf 89' lang='lat' dir='ltr'>Non</span> 
     </span>
     <span class='ocr_line' id='line_1_6' title="bbox 120 508 1393 568; baseline -0.002 -12"><span class='ocrx_word' id='word_1_31' title='bbox 120 516 220 556; x_wconf 88' lang='lat' dir='ltr'>erat</span> <span class='ocrx_word' id='word_1_32' title='bbox 250 511 303 554; x_wconf 92' lang='lat' dir='ltr'>in</span> <span class='ocrx_word' id='word_1_33' title='bbox 334 511 497 567; x_wconf 85' lang='lat' dir='ltr'>lingua</span> <span class='ocrx_word' id='word_1_34' title='bbox 527 510 611 553; x_wconf 87' lang='lat' dir='ltr'>illa</span> <span class='ocrx_word' id='word_1_35' title='bbox 647 509 738 552; x_wconf 90' lang='lat' dir='ltr'>filis</span> <span class='ocrx_word' id='word_1_36' title='bbox 770 508 925 553; x_wconf 88' lang='lat' dir='ltr'>Adam</span> <span class='ocrx_word' id='word_1_37' title='bbox 959 524 1052 553; x_wconf 87' lang='lat' dir='ltr'>vox</span> <span class='ocrx_word' id='word_1_38' title='bbox 1094 524 1184 553; x_wconf 85' lang='lat' dir='ltr'>neo</span> <span class='ocrx_word' id='word_1_39' title='bbox 1215 525 1393 568; x_wconf 82' lang='lat' dir='ltr'>sensus,</span> 
     </span>
     <span class='ocr_line' id='line_1_7' title="bbox 116 586 1394 644; baseline 0 -12"><span class='ocrx_word' id='word_1_40' title='bbox 116 592 170 633; x_wconf 84' lang='lat' dir='ltr'>ut</span> <span class='ocrx_word' id='word_1_41' title='bbox 200 587 256 631; x_wconf 87' lang='lat' dir='ltr'>de</span> <span class='ocrx_word' id='word_1_42' title='bbox 302 590 576 644; x_wconf 87' lang='lat' dir='ltr'>paupertate</span> <span class='ocrx_word' id='word_1_43' title='bbox 623 586 807 630; x_wconf 85' lang='lat' dir='ltr'>vellent</span> <span class='ocrx_word' id='word_1_44' title='bbox 838 586 1051 630; x_wconf 83' lang='lat' dir='ltr'>conferre</span> <span class='ocrx_word' id='word_1_45' title='bbox 1083 587 1141 630; x_wconf 84' lang='lat' dir='ltr'>ad</span> <span class='ocrx_word' id='word_1_46' title='bbox 1187 587 1394 632; x_wconf 84' lang='lat' dir='ltr'>invicem</span> 
     </span>
     <span class='ocr_line' id='line_1_8' title="bbox 115 663 1396 721; baseline 0 -12"><span class='ocrx_word' id='word_1_47' title='bbox 115 668 198 710; x_wconf 83' lang='lat' dir='ltr'>aut</span> <span class='ocrx_word' id='word_1_48' title='bbox 216 664 357 721; x_wconf 86' lang='lat' dir='ltr'>loqui.</span> <span class='ocrx_word' id='word_1_49' title='bbox 412 663 619 707; x_wconf 86' lang='lat' dir='ltr'>Oderant</span> <span class='ocrx_word' id='word_1_50' title='bbox 641 679 742 708; x_wconf 87' lang='lat' dir='ltr'>eam</span> <span class='ocrx_word' id='word_1_51' title='bbox 765 664 1071 707; x_wconf 89' lang='lat' dir='ltr'>vehementer</span> <span class='ocrx_word' id='word_1_52' title='bbox 1090 664 1214 707; x_wconf 87' lang='lat' dir='ltr'>siout</span> <span class='ocrx_word' id='word_1_53' title='bbox 1235 669 1284 708; x_wconf 91' lang='lat' dir='ltr'>et</span> <span class='ocrx_word' id='word_1_54' title='bbox 1315 666 1396 709; x_wconf 89' lang='lat' dir='ltr'>ho-</span> 
     </span>
     <span class='ocr_line' id='line_1_9' title="bbox 115 740 1394 798; baseline 0.001 -14"><span class='ocrx_word' id='word_1_55' title='bbox 115 740 189 784; x_wconf 90' lang='lat' dir='ltr'>die</span> <span class='ocrx_word' id='word_1_56' title='bbox 210 740 405 792; x_wconf 78' lang='lat' dir='ltr'>faciunt,</span> <span class='ocrx_word' id='word_1_57' title='bbox 437 755 525 784; x_wconf 85' lang='lat' dir='ltr'>neo</span> <span class='ocrx_word' id='word_1_58' title='bbox 558 744 775 798; x_wconf 85' lang='lat' dir='ltr'>poterant</span> <span class='ocrx_word' id='word_1_59' title='bbox 807 740 864 784; x_wconf 91' lang='lat' dir='ltr'>de</span> <span class='ocrx_word' id='word_1_60' title='bbox 896 741 997 797; x_wconf 87' lang='lat' dir='ltr'>ipsa</span> <span class='ocrx_word' id='word_1_61' title='bbox 1018 741 1236 798; x_wconf 72' lang='lat' dir='ltr'>querenti</span> <span class='ocrx_word' id='word_1_62' title='bbox 1267 743 1394 798; x_wconf 86' lang='lat' dir='ltr'>quio-</span> 
     </span>
     <span class='ocr_line' id='line_1_10' title="bbox 114 817 1394 876; baseline 0.004 -16"><span class='ocrx_word' id='word_1_63' title='bbox 114 817 217 876; x_wconf 87' lang='lat' dir='ltr'>quis</span> <span class='ocrx_word' id='word_1_64' title='bbox 247 817 438 875; x_wconf 83' lang='lat' dir='ltr'>pacifice</span> <span class='ocrx_word' id='word_1_65' title='bbox 471 817 614 873; x_wconf 86' lang='lat' dir='ltr'>loqui.</span> <span class='ocrx_word' id='word_1_66' title='bbox 677 819 934 875; x_wconf 72' lang='lat' dir='ltr'>Propterea</span> <span class='ocrx_word' id='word_1_67' title='bbox 964 817 1109 862; x_wconf 89' lang='lat' dir='ltr'>velud</span> <span class='ocrx_word' id='word_1_68' title='bbox 1130 819 1294 876; x_wconf 86' lang='lat' dir='ltr'>ignoto</span> <span class='ocrx_word' id='word_1_69' title='bbox 1325 836 1394 865; x_wconf 91' lang='lat' dir='ltr'>re—</span> 
     </span>
     <span class='ocr_line' id='line_1_11' title="bbox 113 893 1394 952; baseline 0.003 -15"><span class='ocrx_word' id='word_1_70' title='bbox 113 893 405 952; x_wconf 83' lang='lat' dir='ltr'>spondebant</span> <span class='ocrx_word' id='word_1_71' title='bbox 436 899 484 938; x_wconf 82' lang='lat' dir='ltr'>et</span> <span class='ocrx_word' id='word_1_72' title='bbox 514 893 571 937; x_wconf 90' lang='lat' dir='ltr'>de</span> <span class='ocrx_word' id='word_1_73' title='bbox 603 893 794 951; x_wconf 85' lang='lat' dir='ltr'>quesitis</span> <span class='ocrx_word' id='word_1_74' title='bbox 837 893 895 938; x_wconf 91' lang='lat' dir='ltr'>ad</span> <span class='ocrx_word' id='word_1_75' title='bbox 927 909 976 937; x_wconf 92' lang='lat' dir='ltr'>se</span> <span class='ocrx_word' id='word_1_76' title='bbox 1009 896 1188 940; x_wconf 82' lang='lat' dir='ltr'>nescire</span> <span class='ocrx_word' id='word_1_77' title='bbox 1222 901 1394 941; x_wconf 86' lang='lat' dir='ltr'>testan-</span> 
     </span>
     <span class='ocr_line' id='line_1_12' title="bbox 114 971 1393 1030; baseline 0.002 -15"><span class='ocrx_word' id='word_1_78' title='bbox 114 976 203 1015; x_wconf 88' lang='lat' dir='ltr'>tur.</span> <span class='ocrx_word' id='word_1_79' title='bbox 255 971 354 1024; x_wconf 90' lang='lat' dir='ltr'>Ibo,</span> <span class='ocrx_word' id='word_1_80' title='bbox 376 971 532 1028; x_wconf 88' lang='lat' dir='ltr'>inquit</span> <span class='ocrx_word' id='word_1_81' title='bbox 564 971 726 1015; x_wconf 86' lang='lat' dir='ltr'>beatus</span> <span class='ocrx_word' id='word_1_82' title='bbox 756 972 1038 1026; x_wconf 82' lang='lat' dir='ltr'>Francisous,</span> <span class='ocrx_word' id='word_1_83' title='bbox 1062 972 1120 1016; x_wconf 91' lang='lat' dir='ltr'>ad</span> <span class='ocrx_word' id='word_1_84' title='bbox 1144 974 1393 1030; x_wconf 86' lang='lat' dir='ltr'>optimates</span> 
     </span>
     <span class='ocr_line' id='line_1_13' title="bbox 116 1048 1394 1111; baseline 0.005 -20"><span class='ocrx_word' id='word_1_85' title='bbox 116 1053 166 1092; x_wconf 89' lang='lat' dir='ltr'>et</span> <span class='ocrx_word' id='word_1_86' title='bbox 195 1048 429 1104; x_wconf 86' lang='lat' dir='ltr'>sapientes</span> <span class='ocrx_word' id='word_1_87' title='bbox 459 1053 507 1091; x_wconf 94' lang='lat' dir='ltr'>et</span> <span class='ocrx_word' id='word_1_88' title='bbox 528 1050 690 1105; x_wconf 87' lang='lat' dir='ltr'>loquar</span> <span class='ocrx_word' id='word_1_89' title='bbox 713 1064 818 1092; x_wconf 84' lang='lat' dir='ltr'>oum</span> <span class='ocrx_word' id='word_1_90' title='bbox 840 1050 929 1093; x_wconf 82' lang='lat' dir='ltr'>eis:</span> <span class='ocrx_word' id='word_1_91' title='bbox 954 1050 1044 1107; x_wconf 88' lang='lat' dir='ltr'>ipsi</span> <span class='ocrx_word' id='word_1_92' title='bbox 1066 1051 1192 1094; x_wconf 91' lang='lat' dir='ltr'>enim</span> <span class='ocrx_word' id='word_1_93' title='bbox 1224 1068 1394 1111; x_wconf 78' lang='lat' dir='ltr'>eogno-</span> 
     </span>
     <span class='ocr_line' id='line_1_14' title="bbox 115 1125 1392 1182; baseline 0.005 -14"><span class='ocrx_word' id='word_1_94' title='bbox 115 1125 276 1168; x_wconf 87' lang='lat' dir='ltr'>verint</span> <span class='ocrx_word' id='word_1_95' title='bbox 307 1125 431 1169; x_wconf 86' lang='lat' dir='ltr'>viam</span> <span class='ocrx_word' id='word_1_96' title='bbox 475 1125 654 1169; x_wconf 91' lang='lat' dir='ltr'>domini</span> <span class='ocrx_word' id='word_1_97' title='bbox 700 1132 750 1169; x_wconf 87' lang='lat' dir='ltr'>et</span> <span class='ocrx_word' id='word_1_98' title='bbox 780 1126 1008 1171; x_wconf 89' lang='lat' dir='ltr'>iudicium</span> <span class='ocrx_word' id='word_1_99' title='bbox 1040 1127 1228 1174; x_wconf 90' lang='lat' dir='ltr'>domini.</span> <span class='ocrx_word' id='word_1_100' title='bbox 1292 1131 1392 1182; x_wconf 80' lang='lat' dir='ltr'>Quo</span> 
     </span>
     <span class='ocr_line' id='line_1_15' title="bbox 114 1200 1392 1259; baseline 0.005 -15"><span class='ocrx_word' id='word_1_101' title='bbox 114 1200 238 1244; x_wconf 77' lang='lat' dir='ltr'>facto</span> <span class='ocrx_word' id='word_1_102' title='bbox 268 1201 360 1257; x_wconf 87' lang='lat' dir='ltr'>ipsi</span> <span class='ocrx_word' id='word_1_103' title='bbox 382 1200 542 1244; x_wconf 85' lang='lat' dir='ltr'>durius</span> <span class='ocrx_word' id='word_1_104' title='bbox 557 1202 898 1259; x_wconf 84' lang='lat' dir='ltr'>responderunt</span> <span class='ocrx_word' id='word_1_105' title='bbox 919 1204 963 1246; x_wconf 88' lang='lat' dir='ltr'>ei</span> <span class='ocrx_word' id='word_1_106' title='bbox 985 1203 1191 1248; x_wconf 85' lang='lat' dir='ltr'>dieentes</span> <span class='ocrx_word' id='word_1_107' title='bbox 1215 1231 1264 1237; x_wconf 91' lang='lat'><strong>—</strong></span> <span class='ocrx_word' id='word_1_108' title='bbox 1294 1207 1392 1258; x_wconf 83' lang='lat' dir='ltr'>Que</span> 
     </span>
     <span class='ocr_line' id='line_1_16' title="bbox 113 1278 1393 1337; baseline 0.004 -16"><span class='ocrx_word' id='word_1_109' title='bbox 113 1291 238 1322; x_wconf 86' lang='lat' dir='ltr'>nova</span> <span class='ocrx_word' id='word_1_110' title='bbox 268 1284 342 1322; x_wconf 91' lang='lat' dir='ltr'>est</span> <span class='ocrx_word' id='word_1_111' title='bbox 372 1278 458 1322; x_wconf 87' lang='grc'>1100</span> <span class='ocrx_word' id='word_1_112' title='bbox 490 1279 705 1323; x_wconf 81' lang='lat' dir='ltr'>doctrina</span> <span class='ocrx_word' id='word_1_113' title='bbox 743 1295 882 1337; x_wconf 91' lang='lat' dir='ltr'>quam</span> <span class='ocrx_word' id='word_1_114' title='bbox 912 1280 1058 1325; x_wconf 88' lang='lat' dir='ltr'>infers</span> <span class='ocrx_word' id='word_1_115' title='bbox 1089 1283 1281 1326; x_wconf 85' lang='lat' dir='ltr'>auribus</span> <span class='ocrx_word' id='word_1_116' title='bbox 1312 1298 1393 1326; x_wconf 89' lang='lat' dir='ltr'>no-</span> 
     </span>
     <span class='ocr_line' id='line_1_17' title="bbox 115 1354 1394 1417; baseline 0.005 -19"><span class='ocrx_word' id='word_1_117' title='bbox 115 1354 255 1399; x_wconf 78' lang='lat' dir='ltr'>stris?</span> <span class='ocrx_word' id='word_1_118' title='bbox 314 1357 572 1413; x_wconf 79' lang='lat' dir='ltr'>Paupertas</span> <span class='ocrx_word' id='word_1_119' title='bbox 594 1356 720 1400; x_wconf 89' lang='lat' dir='ltr'>enim</span> <span class='ocrx_word' id='word_1_120' title='bbox 750 1372 883 1414; x_wconf 88' lang='lat' dir='ltr'>quam</span> <span class='ocrx_word' id='word_1_121' title='bbox 909 1360 1063 1415; x_wconf 90' lang='lat' dir='ltr'>queris</span> <span class='ocrx_word' id='word_1_122' title='bbox 1095 1375 1276 1417; x_wconf 87' lang='lat' dir='ltr'>semper</span> <span class='ocrx_word' id='word_1_123' title='bbox 1305 1362 1394 1405; x_wconf 89' lang='lat' dir='ltr'>tibi</span> 
     </span>
     <span class='ocr_line' id='line_1_18' title="bbox 117 1433 1392 1492; baseline 0.005 -17"><span class='ocrx_word' id='word_1_124' title='bbox 117 1433 179 1476; x_wconf 90' lang='lat' dir='ltr'>sit</span> <span class='ocrx_word' id='word_1_125' title='bbox 219 1438 268 1476; x_wconf 92' lang='lat' dir='ltr'>et</span> <span class='ocrx_word' id='word_1_126' title='bbox 298 1433 411 1476; x_wconf 87' lang='lat' dir='ltr'>filiis</span> <span class='ocrx_word' id='word_1_127' title='bbox 457 1438 506 1476; x_wconf 92' lang='lat' dir='ltr'>et</span> <span class='ocrx_word' id='word_1_128' title='bbox 545 1434 713 1478; x_wconf 90' lang='lat' dir='ltr'>semini</span> <span class='ocrx_word' id='word_1_129' title='bbox 752 1439 832 1478; x_wconf 92' lang='lat' dir='ltr'>tuo</span> <span class='ocrx_word' id='word_1_130' title='bbox 865 1440 971 1492; x_wconf 89' lang='lat' dir='ltr'>post</span> <span class='ocrx_word' id='word_1_131' title='bbox 1002 1441 1063 1480; x_wconf 86' lang='lat' dir='ltr'>te.</span> <span class='ocrx_word' id='word_1_132' title='bbox 1125 1438 1273 1481; x_wconf 84' lang='lat' dir='ltr'>Nobis</span> <span class='ocrx_word' id='word_1_133' title='bbox 1313 1453 1392 1482; x_wconf 90' lang='lat' dir='ltr'>au-</span> 
     </span>
     <span class='ocr_line' id='line_1_19' title="bbox 116 1509 1390 1570; baseline 0.006 -18"><span class='ocrx_word' id='word_1_134' title='bbox 116 1514 209 1552; x_wconf 92' lang='lat' dir='ltr'>tem</span> <span class='ocrx_word' id='word_1_135' title='bbox 237 1509 367 1554; x_wconf 88' lang='lat' dir='ltr'>sedet</span> <span class='ocrx_word' id='word_1_136' title='bbox 398 1510 572 1555; x_wconf 89' lang='lat' dir='ltr'>delitiis</span> <span class='ocrx_word' id='word_1_137' title='bbox 602 1511 777 1568; x_wconf 84' lang='lat' dir='ltr'>perfrui</span> <span class='ocrx_word' id='word_1_138' title='bbox 808 1517 856 1555; x_wconf 91' lang='lat' dir='ltr'>et</span> <span class='ocrx_word' id='word_1_139' title='bbox 887 1512 1159 1558; x_wconf 88' lang='lat' dir='ltr'>habundare</span> <span class='ocrx_word' id='word_1_140' title='bbox 1192 1514 1390 1570; x_wconf 83' lang='lat' dir='ltr'>divitiis,</span> 
     </span>
     <span class='ocr_line' id='line_1_20' title="bbox 117 1588 1390 1648; baseline 0.005 -18"><span class='ocrx_word' id='word_1_141' title='bbox 117 1601 258 1643; x_wconf 88' lang='lat' dir='ltr'>quum</span> <span class='ocrx_word' id='word_1_142' title='bbox 291 1588 508 1644; x_wconf 87' lang='lat' dir='ltr'>exiguam</span> <span class='ocrx_word' id='word_1_143' title='bbox 539 1594 588 1632; x_wconf 91' lang='lat' dir='ltr'>et</span> <span class='ocrx_word' id='word_1_144' title='bbox 619 1604 726 1632; x_wconf 82' lang='lat' dir='ltr'>oum</span> <span class='ocrx_word' id='word_1_145' title='bbox 749 1588 877 1643; x_wconf 88' lang='lat' dir='ltr'>tedio</span> <span class='ocrx_word' id='word_1_146' title='bbox 920 1594 994 1633; x_wconf 91' lang='lat' dir='ltr'>est</span> <span class='ocrx_word' id='word_1_147' title='bbox 1036 1597 1221 1648; x_wconf 91' lang='lat' dir='ltr'>tempus</span> <span class='ocrx_word' id='word_1_148' title='bbox 1263 1594 1390 1637; x_wconf 85' lang='lat' dir='ltr'>vitae</span> 
     </span>
     <span class='ocr_line' id='line_1_21' title="bbox 113 1666 1388 1724; baseline 0.008 -19"><span class='ocrx_word' id='word_1_149' title='bbox 113 1670 285 1721; x_wconf 88' lang='lat' dir='ltr'>nostre,</span> <span class='ocrx_word' id='word_1_150' title='bbox 329 1670 378 1708; x_wconf 92' lang='lat' dir='ltr'>et</span> <span class='ocrx_word' id='word_1_151' title='bbox 413 1679 505 1709; x_wconf 89' lang='lat' dir='ltr'>non</span> <span class='ocrx_word' id='word_1_152' title='bbox 547 1671 618 1710; x_wconf 87' lang='lat' dir='ltr'>est</span> <span class='ocrx_word' id='word_1_153' title='bbox 658 1666 894 1724; x_wconf 88' lang='lat' dir='ltr'>refugium</span> <span class='ocrx_word' id='word_1_154' title='bbox 940 1668 992 1711; x_wconf 90' lang='lat' dir='ltr'>in</span> <span class='ocrx_word' id='word_1_155' title='bbox 1034 1669 1129 1713; x_wconf 87' lang='lat' dir='ltr'>fine</span> <span class='ocrx_word' id='word_1_156' title='bbox 1171 1670 1388 1716; x_wconf 87' lang='lat' dir='ltr'>hominis.</span> 
     </span>
     <span class='ocr_line' id='line_1_22' title="bbox 113 1740 1391 1802; baseline 0.005 -17"><span class='ocrx_word' id='word_1_157' title='bbox 113 1740 271 1785; x_wconf 80' lang='lat' dir='ltr'>Niohil</span> <span class='ocrx_word' id='word_1_158' title='bbox 293 1742 417 1784; x_wconf 90' lang='lat' dir='ltr'>enim</span> <span class='ocrx_word' id='word_1_159' title='bbox 434 1742 602 1786; x_wconf 89' lang='lat' dir='ltr'>melius</span> <span class='ocrx_word' id='word_1_160' title='bbox 623 1744 931 1800; x_wconf 84' lang='lat' dir='ltr'>cognovimus</span> <span class='ocrx_word' id='word_1_161' title='bbox 948 1761 1087 1802; x_wconf 85' lang='lat' dir='ltr'>quam</span> <span class='ocrx_word' id='word_1_162' title='bbox 1104 1747 1237 1792; x_wconf 87' lang='lat' dir='ltr'>letari</span> <span class='ocrx_word' id='word_1_163' title='bbox 1264 1763 1391 1792; x_wconf 91' lang='lat' dir='ltr'>man-</span> 
     </span>
     <span class='ocr_line' id='line_1_23' title="bbox 117 1816 1391 1870; baseline 0.008 -10"><span class='ocrx_word' id='word_1_164' title='bbox 117 1816 286 1862; x_wconf 80' lang='lat' dir='ltr'>ducare</span> <span class='ocrx_word' id='word_1_165' title='bbox 318 1824 367 1862; x_wconf 92' lang='lat' dir='ltr'>et</span> <span class='ocrx_word' id='word_1_166' title='bbox 389 1820 547 1864; x_wconf 89' lang='lat' dir='ltr'>bibere</span> <span class='ocrx_word' id='word_1_167' title='bbox 578 1820 727 1864; x_wconf 82' lang='lat' dir='ltr'>donec</span> <span class='ocrx_word' id='word_1_168' title='bbox 758 1822 974 1866; x_wconf 86' lang='lat' dir='ltr'>vivimus.</span> <span class='ocrx_word' id='word_1_169' title='bbox 1038 1825 1212 1868; x_wconf 88' lang='lat' dir='ltr'>Beatus</span> <span class='ocrx_word' id='word_1_170' title='bbox 1234 1830 1391 1870; x_wconf 89' lang='lat' dir='ltr'>autem</span> 
     </span>
     <span class='ocr_line' id='line_1_24' title="bbox 113 1895 1391 1947; baseline 0.007 -9"><span class='ocrx_word' id='word_1_171' title='bbox 113 1895 388 1940; x_wconf 79' lang='lat' dir='ltr'>Francisous</span> <span class='ocrx_word' id='word_1_172' title='bbox 405 1896 491 1940; x_wconf 88' lang='grc'>1100</span> <span class='ocrx_word' id='word_1_173' title='bbox 509 1897 705 1941; x_wconf 86' lang='lat' dir='ltr'>audiens</span> <span class='ocrx_word' id='word_1_174' title='bbox 727 1899 985 1943; x_wconf 84' lang='lat' dir='ltr'>mirabatur</span> <span class='ocrx_word' id='word_1_175' title='bbox 1001 1900 1052 1943; x_wconf 89' lang='lat' dir='ltr'>in</span> <span class='ocrx_word' id='word_1_176' title='bbox 1077 1902 1213 1946; x_wconf 87' lang='lat' dir='ltr'>corde</span> <span class='ocrx_word' id='word_1_177' title='bbox 1237 1917 1321 1947; x_wconf 90' lang='lat' dir='ltr'>suo</span> <span class='ocrx_word' id='word_1_178' title='bbox 1343 1909 1391 1947; x_wconf 89' lang='lat' dir='ltr'>et</span> 
     </span>
     <span class='ocr_line' id='line_1_25' title="bbox 115 1975 1390 2032; baseline 0.006 -14"><span class='ocrx_word' id='word_1_179' title='bbox 115 1975 287 2031; x_wconf 85' lang='lat' dir='ltr'>gratias</span> <span class='ocrx_word' id='word_1_180' title='bbox 317 1991 461 2032; x_wconf 85' lang='lat' dir='ltr'>agens</span> <span class='ocrx_word' id='word_1_181' title='bbox 494 1978 594 2021; x_wconf 91' lang='lat' dir='ltr'>Deo</span> <span class='ocrx_word' id='word_1_182' title='bbox 626 1977 812 2022; x_wconf 79' lang='lat' dir='ltr'>dicebat</span> <span class='ocrx_word' id='word_1_183' title='bbox 846 2004 896 2010; x_wconf 92' lang='lat'>—-</span> <span class='ocrx_word' id='word_1_184' title='bbox 918 1980 1204 2025; x_wconf 82' lang='lat' dir='ltr'>Benedictus</span> <span class='ocrx_word' id='word_1_185' title='bbox 1238 1986 1291 2025; x_wconf 90' lang='lat' dir='ltr'>tu</span> <span class='ocrx_word' id='word_1_186' title='bbox 1313 1981 1390 2026; x_wconf 90' lang='lat' dir='ltr'>do-</span> 
     </span>
     <span class='ocr_line' id='line_1_26' title="bbox 115 2049 1386 2114; baseline 0.007 -21"><span class='ocrx_word' id='word_1_187' title='bbox 115 2049 240 2093; x_wconf 87' lang='lat' dir='ltr'>mine</span> <span class='ocrx_word' id='word_1_188' title='bbox 268 2051 409 2110; x_wconf 86' lang='lat' dir='ltr'>Deus,</span> <span class='ocrx_word' id='word_1_189' title='bbox 442 2053 522 2110; x_wconf 92' lang='lat' dir='ltr'>qui</span> <span class='ocrx_word' id='word_1_190' title='bbox 553 2054 843 2098; x_wconf 80' lang='lat' dir='ltr'>abscondisti</span> <span class='ocrx_word' id='word_1_191' title='bbox 881 2055 1002 2099; x_wconf 86' lang='lat' dir='ltr'>hano</span> <span class='ocrx_word' id='word_1_192' title='bbox 1033 2072 1060 2099; x_wconf 90' lang='lat' dir='ltr'>a</span> <span class='ocrx_word' id='word_1_193' title='bbox 1092 2058 1386 2114; x_wconf 85' lang='lat' dir='ltr'>sapientibus</span> 
     </span>
     <span class='ocr_line' id='line_1_27' title="bbox 114 2127 1385 2190; baseline 0.009 -22"><span class='ocrx_word' id='word_1_194' title='bbox 114 2129 162 2168; x_wconf 90' lang='lat' dir='ltr'>et</span> <span class='ocrx_word' id='word_1_195' title='bbox 193 2127 497 2183; x_wconf 88' lang='lat' dir='ltr'>prudentibus</span> <span class='ocrx_word' id='word_1_196' title='bbox 541 2136 589 2174; x_wconf 90' lang='lat' dir='ltr'>et</span> <span class='ocrx_word' id='word_1_197' title='bbox 628 2133 849 2175; x_wconf 86' lang='lat' dir='ltr'>revelasti</span> <span class='ocrx_word' id='word_1_198' title='bbox 889 2148 991 2176; x_wconf 90' lang='lat' dir='ltr'>eam</span> <span class='ocrx_word' id='word_1_199' title='bbox 1023 2135 1245 2190; x_wconf 86' lang='lat' dir='ltr'>parvulis.</span> <span class='ocrx_word' id='word_1_200' title='bbox 1310 2137 1385 2180; x_wconf 87' lang='lat' dir='ltr'>Ita</span> 
     </span>
     <span class='ocr_line' id='line_1_28' title="bbox 115 2205 1388 2271; baseline 0.009 -26"><span class='ocrx_word' id='word_1_201' title='bbox 115 2208 243 2259; x_wconf 82' lang='lat' dir='ltr'>pater</span> <span class='ocrx_word' id='word_1_202' title='bbox 274 2205 382 2261; x_wconf 82' lang='lat' dir='ltr'>quia</span> <span class='ocrx_word' id='word_1_203' title='bbox 411 2207 478 2250; x_wconf 86' lang='lat' dir='ltr'>sio</span> <span class='ocrx_word' id='word_1_204' title='bbox 508 2209 733 2262; x_wconf 82' lang='lat' dir='ltr'>placitum</span> <span class='ocrx_word' id='word_1_205' title='bbox 766 2216 838 2254; x_wconf 88' lang='lat' dir='ltr'>est</span> <span class='ocrx_word' id='word_1_206' title='bbox 868 2217 979 2254; x_wconf 86' lang='lat' dir='ltr'>ante</span> <span class='ocrx_word' id='word_1_207' title='bbox 1011 2216 1058 2254; x_wconf 89' lang='lat' dir='ltr'>te</span> <span class='ocrx_word' id='word_1_208' title='bbox 1092 2212 1278 2256; x_wconf 89' lang='lat' dir='ltr'>domine</span> <span class='ocrx_word' id='word_1_209' title='bbox 1312 2229 1388 2271; x_wconf 87' lang='lat' dir='ltr'>pa-</span> 
     </span>
     <span class='ocr_line' id='line_1_29' title="bbox 113 2281 1386 2347; baseline 0.01 -25"><span class='ocrx_word' id='word_1_210' title='bbox 113 2285 184 2323; x_wconf 89' lang='lat' dir='ltr'>ter</span> <span class='ocrx_word' id='word_1_211' title='bbox 215 2286 263 2325; x_wconf 90' lang='lat' dir='ltr'>et</span> <span class='ocrx_word' id='word_1_212' title='bbox 304 2281 564 2328; x_wconf 89' lang='lat' dir='ltr'>dominator</span> <span class='ocrx_word' id='word_1_213' title='bbox 594 2287 693 2331; x_wconf 90' lang='lat' dir='ltr'>vite</span> <span class='ocrx_word' id='word_1_214' title='bbox 725 2303 825 2332; x_wconf 93' lang='lat' dir='ltr'>mee</span> <span class='ocrx_word' id='word_1_215' title='bbox 867 2304 927 2331; x_wconf 92' lang='lat' dir='ltr'>ne</span> <span class='ocrx_word' id='word_1_216' title='bbox 973 2288 1274 2347; x_wconf 88' lang='lat' dir='ltr'>derelinquas</span> <span class='ocrx_word' id='word_1_217' title='bbox 1314 2308 1386 2335; x_wconf 91' lang='lat' dir='ltr'>me</span> 
     </span>
     <span class='ocr_line' id='line_1_30' title="bbox 110 2355 1387 2411; baseline 0.009 -12"><span class='ocrx_word' id='word_1_218' title='bbox 110 2355 160 2399; x_wconf 89' lang='lat' dir='ltr'>in</span> <span class='ocrx_word' id='word_1_219' title='bbox 191 2359 388 2403; x_wconf 84' lang='lat' dir='ltr'>concilio</span> <span class='ocrx_word' id='word_1_220' title='bbox 405 2374 563 2405; x_wconf 90' lang='lat' dir='ltr'>eorum</span> <span class='ocrx_word' id='word_1_221' title='bbox 585 2378 671 2407; x_wconf 84' lang='lat' dir='ltr'>neo</span> <span class='ocrx_word' id='word_1_222' title='bbox 688 2365 811 2408; x_wconf 83' lang='lat' dir='ltr'>sinas</span> <span class='ocrx_word' id='word_1_223' title='bbox 834 2381 906 2408; x_wconf 90' lang='lat' dir='ltr'>me</span> <span class='ocrx_word' id='word_1_224' title='bbox 928 2365 1090 2410; x_wconf 79' lang='lat' dir='ltr'>eadere</span> <span class='ocrx_word' id='word_1_225' title='bbox 1122 2367 1171 2409; x_wconf 90' lang='lat' dir='ltr'>in</span> <span class='ocrx_word' id='word_1_226' title='bbox 1203 2368 1286 2411; x_wconf 87' lang='lat' dir='ltr'>illa</span> <span class='ocrx_word' id='word_1_227' title='bbox 1309 2384 1387 2411; x_wconf 87' lang='lat' dir='ltr'>ex-</span> 
     </span>
    </p>
   </div>
  </div>
 </body>
</html>
