<?xml version="1.0" encoding="UTF-8"?>
<!DOCTYPE html PUBLIC "-//W3C//DTD XHTML 1.0 Transitional//EN"
    "http://www.w3.org/TR/xhtml1/DTD/xhtml1-transitional.dtd">
<html xmlns="http://www.w3.org/1999/xhtml" xml:lang="en" lang="en">
 <head>
  <title>
</title>
<meta http-equiv="Content-Type" content="text/html;charset=utf-8" />
  <meta name='ocr-system' content='tesseract 3.04.00' />
  <meta name='ocr-capabilities' content='ocr_page ocr_carea ocr_par ocr_line ocrx_word'/>
</head>
<body>
  <div class='ocr_page' id='page_1' title='image "./notaalcantoxiver00alviuoft/notaalcantoxiver00alviuoft_0025.png"; bbox 0 0 1702 2722; ppageno 0'>
   <div class='ocr_carea' id='block_1_1' title="bbox 1317 135 1367 172">
    <p class='ocr_par' dir='ltr' id='par_1_1' title="bbox 1317 135 1367 172">
     <span class='ocr_line' id='line_1_1' title="bbox 1317 135 1367 172; baseline 0 0"><span class='ocrx_word' id='word_1_1' title='bbox 1317 135 1367 172; x_wconf 88' lang='lat'>21</span> 
     </span>
    </p>
   </div>
   <div class='ocr_carea' id='block_1_2' title="bbox 83 223 1371 2443">
    <p class='ocr_par' dir='ltr' id='par_1_2' title="bbox 83 223 1371 2443">
     <span class='ocr_line' id='line_1_2' title="bbox 88 223 1370 278; baseline -0.006 -5"><span class='ocrx_word' id='word_1_2' title='bbox 88 229 214 273; x_wconf 85' lang='lat' dir='ltr'>tibus</span> <span class='ocrx_word' id='word_1_3' title='bbox 248 228 422 272; x_wconf 81' lang='lat' dir='ltr'>sanctis</span> <span class='ocrx_word' id='word_1_4' title='bbox 444 227 541 271; x_wconf 86' lang='lat' dir='ltr'>tuis</span> <span class='ocrx_word' id='word_1_5' title='bbox 562 228 612 269; x_wconf 93' lang='lat' dir='ltr'>in</span> <span class='ocrx_word' id='word_1_6' title='bbox 635 226 897 269; x_wconf 86' lang='lat' dir='ltr'>firmissimo</span> <span class='ocrx_word' id='word_1_7' title='bbox 921 225 1188 268; x_wconf 85' lang='lat' dir='ltr'>habitaculo</span> <span class='ocrx_word' id='word_1_8' title='bbox 1220 223 1370 278; x_wconf 87' lang='lat' dir='ltr'>glorie</span> 
     </span>
     <span class='ocr_line' id='line_1_3' title="bbox 90 301 1371 351; baseline -0.007 0"><span class='ocrx_word' id='word_1_9' title='bbox 90 305 277 351; x_wconf 85' lang='lat' dir='ltr'>Christi.</span> <span class='ocrx_word' id='word_1_10' title='bbox 340 306 414 349; x_wconf 84' lang='lat' dir='ltr'>Ita</span> <span class='ocrx_word' id='word_1_11' title='bbox 445 309 624 349; x_wconf 88' lang='lat' dir='ltr'>amator</span> <span class='ocrx_word' id='word_1_12' title='bbox 653 301 807 346; x_wconf 89' lang='lat' dir='ltr'>factus</span> <span class='ocrx_word' id='word_1_13' title='bbox 829 302 978 345; x_wconf 90' lang='lat' dir='ltr'>forme</span> <span class='ocrx_word' id='word_1_14' title='bbox 1004 307 1082 344; x_wconf 90' lang='lat' dir='ltr'>tue</span> <span class='ocrx_word' id='word_1_15' title='bbox 1106 301 1230 343; x_wconf 92' lang='lat' dir='ltr'>filius</span> <span class='ocrx_word' id='word_1_16' title='bbox 1252 315 1371 342; x_wconf 88' lang='lat' dir='ltr'>sum·</span> 
     </span>
     <span class='ocr_line' id='line_1_4' title="bbox 89 377 1370 439; baseline -0.007 -11"><span class='ocrx_word' id='word_1_17' title='bbox 89 387 155 428; x_wconf 89' lang='lat' dir='ltr'>mi</span> <span class='ocrx_word' id='word_1_18' title='bbox 176 383 322 439; x_wconf 87' lang='lat' dir='ltr'>patris</span> <span class='ocrx_word' id='word_1_19' title='bbox 345 382 433 426; x_wconf 88' lang='lat' dir='ltr'>tibi</span> <span class='ocrx_word' id='word_1_20' title='bbox 454 381 540 425; x_wconf 87' lang='lat' dir='ltr'>soli</span> <span class='ocrx_word' id='word_1_21' title='bbox 561 380 611 423; x_wconf 91' lang='lat' dir='ltr'>in</span> <span class='ocrx_word' id='word_1_22' title='bbox 633 378 808 423; x_wconf 87' lang='lat' dir='ltr'>mundo</span> <span class='ocrx_word' id='word_1_23' title='bbox 831 378 1061 422; x_wconf 82' lang='lat' dir='ltr'>adherens</span> <span class='ocrx_word' id='word_1_24' title='bbox 1082 379 1133 420; x_wconf 91' lang='lat' dir='ltr'>in</span> <span class='ocrx_word' id='word_1_25' title='bbox 1155 377 1370 421; x_wconf 88' lang='lat' dir='ltr'>omnibus</span> 
     </span>
     <span class='ocr_line' id='line_1_5' title="bbox 87 451 1367 513; baseline -0.007 -9"><span class='ocrx_word' id='word_1_26' title='bbox 87 460 404 504; x_wconf 84' lang='lat' dir='ltr'>fidelissimam</span> <span class='ocrx_word' id='word_1_27' title='bbox 433 464 481 502; x_wconf 81' lang='lat' dir='ltr'>te</span> <span class='ocrx_word' id='word_1_28' title='bbox 513 456 744 513; x_wconf 87' lang='lat' dir='ltr'>probavit.</span> <span class='ocrx_word' id='word_1_29' title='bbox 808 455 944 499; x_wconf 81' lang='lat' dir='ltr'>Prius</span> <span class='ocrx_word' id='word_1_30' title='bbox 976 454 1105 498; x_wconf 89' lang='lat' dir='ltr'>enim</span> <span class='ocrx_word' id='word_1_31' title='bbox 1137 469 1277 511; x_wconf 83' lang='lat' dir='ltr'>quam</span> <span class='ocrx_word' id='word_1_32' title='bbox 1311 451 1367 495; x_wconf 89' lang='lat' dir='ltr'>de</span> 
     </span>
     <span class='ocr_line' id='line_1_6' title="bbox 88 530 1367 592; baseline -0.006 -12"><span class='ocrx_word' id='word_1_33' title='bbox 88 538 316 582; x_wconf 87' lang='lat' dir='ltr'>luminosa</span> <span class='ocrx_word' id='word_1_34' title='bbox 354 535 541 592; x_wconf 87' lang='lat' dir='ltr'>propria</span> <span class='ocrx_word' id='word_1_35' title='bbox 582 533 769 576; x_wconf 88' lang='lat' dir='ltr'>veniret</span> <span class='ocrx_word' id='word_1_36' title='bbox 811 532 870 576; x_wconf 90' lang='lat' dir='ltr'>ad</span> <span class='ocrx_word' id='word_1_37' title='bbox 918 537 1078 589; x_wconf 89' lang='lat' dir='ltr'>terras,</span> <span class='ocrx_word' id='word_1_38' title='bbox 1112 530 1367 588; x_wconf 71' lang='lat' dir='ltr'>preparasti</span> 
     </span>
     <span class='ocr_line' id='line_1_7' title="bbox 89 607 1369 667; baseline -0.007 -8"><span class='ocrx_word' id='word_1_39' title='bbox 89 615 243 659; x_wconf 85' lang='lat' dir='ltr'>locum</span> <span class='ocrx_word' id='word_1_40' title='bbox 262 613 352 656; x_wconf 81' lang='lat' dir='ltr'>sibi</span> <span class='ocrx_word' id='word_1_41' title='bbox 383 616 733 667; x_wconf 68' lang='lat' dir='ltr'>congruentem,</span> <span class='ocrx_word' id='word_1_42' title='bbox 758 610 980 653; x_wconf 86' lang='lat' dir='ltr'>thronum</span> <span class='ocrx_word' id='word_1_43' title='bbox 1001 610 1050 651; x_wconf 90' lang='lat' dir='ltr'>in</span> <span class='ocrx_word' id='word_1_44' title='bbox 1073 623 1163 664; x_wconf 91' lang='lat' dir='ltr'>quo</span> <span class='ocrx_word' id='word_1_45' title='bbox 1185 607 1369 652; x_wconf 90' lang='lat' dir='ltr'>sederet</span> 
     </span>
     <span class='ocr_line' id='line_1_8' title="bbox 89 684 1367 746; baseline -0.006 -11"><span class='ocrx_word' id='word_1_46' title='bbox 89 695 138 735; x_wconf 89' lang='lat' dir='ltr'>et</span> <span class='ocrx_word' id='word_1_47' title='bbox 169 693 391 735; x_wconf 82' lang='lat' dir='ltr'>talamum</span> <span class='ocrx_word' id='word_1_48' title='bbox 422 691 472 732; x_wconf 90' lang='lat' dir='ltr'>in</span> <span class='ocrx_word' id='word_1_49' title='bbox 507 703 597 746; x_wconf 92' lang='lat' dir='ltr'>quo</span> <span class='ocrx_word' id='word_1_50' title='bbox 623 689 896 744; x_wconf 68' lang='lat' dir='ltr'>quiesceret,</span> <span class='ocrx_word' id='word_1_51' title='bbox 920 686 1262 743; x_wconf 84' lang='lat' dir='ltr'>pauperrimam</span> <span class='ocrx_word' id='word_1_52' title='bbox 1284 684 1367 727; x_wconf 89' lang='lat' dir='ltr'>sci-</span> 
     </span>
     <span class='ocr_line' id='line_1_9' title="bbox 89 761 1366 825; baseline -0.006 -13"><span class='ocrx_word' id='word_1_53' title='bbox 89 768 205 812; x_wconf 87' lang='lat' dir='ltr'>licet</span> <span class='ocrx_word' id='word_1_54' title='bbox 235 768 469 825; x_wconf 82' lang='lat' dir='ltr'>virginem</span> <span class='ocrx_word' id='word_1_55' title='bbox 501 766 557 809; x_wconf 90' lang='lat' dir='ltr'>de</span> <span class='ocrx_word' id='word_1_56' title='bbox 580 781 670 822; x_wconf 90' lang='lat' dir='ltr'>qua</span> <span class='ocrx_word' id='word_1_57' title='bbox 691 771 822 808; x_wconf 90' lang='lat' dir='ltr'>ortus</span> <span class='ocrx_word' id='word_1_58' title='bbox 845 764 954 808; x_wconf 87' lang='lat' dir='ltr'>huic</span> <span class='ocrx_word' id='word_1_59' title='bbox 977 763 1152 807; x_wconf 88' lang='lat' dir='ltr'>mundo</span> <span class='ocrx_word' id='word_1_60' title='bbox 1176 761 1366 805; x_wconf 82' lang='lat' dir='ltr'>effulsit.</span> 
     </span>
     <span class='ocr_line' id='line_1_10' title="bbox 87 839 1367 899; baseline -0.007 -9"><span class='ocrx_word' id='word_1_61' title='bbox 87 846 212 890; x_wconf 81' lang='lat' dir='ltr'>Nato</span> <span class='ocrx_word' id='word_1_62' title='bbox 244 849 370 888; x_wconf 90' lang='lat' dir='ltr'>certe</span> <span class='ocrx_word' id='word_1_63' title='bbox 402 842 607 886; x_wconf 88' lang='lat' dir='ltr'>fideliter</span> <span class='ocrx_word' id='word_1_64' title='bbox 643 842 910 899; x_wconf 83' lang='lat' dir='ltr'>occurristi,</span> <span class='ocrx_word' id='word_1_65' title='bbox 945 847 998 884; x_wconf 89' lang='lat' dir='ltr'>ut</span> <span class='ocrx_word' id='word_1_66' title='bbox 1028 842 1078 884; x_wconf 87' lang='lat' dir='ltr'>in</span> <span class='ocrx_word' id='word_1_67' title='bbox 1111 846 1158 883; x_wconf 87' lang='lat' dir='ltr'>te</span> <span class='ocrx_word' id='word_1_68' title='bbox 1189 854 1286 883; x_wconf 93' lang='lat' dir='ltr'>non</span> <span class='ocrx_word' id='word_1_69' title='bbox 1316 839 1367 881; x_wconf 87' lang='lat' dir='ltr'>in</span> 
     </span>
     <span class='ocr_line' id='line_1_11' title="bbox 88 915 1370 975; baseline -0.005 -10"><span class='ocrx_word' id='word_1_70' title='bbox 88 921 264 966; x_wconf 87' lang='lat' dir='ltr'>delitiis</span> <span class='ocrx_word' id='word_1_71' title='bbox 306 921 459 964; x_wconf 89' lang='lat' dir='ltr'>locum</span> <span class='ocrx_word' id='word_1_72' title='bbox 498 919 588 964; x_wconf 89' lang='lat' dir='ltr'>sibi</span> <span class='ocrx_word' id='word_1_73' title='bbox 636 920 859 975; x_wconf 88' lang='lat' dir='ltr'>placitum</span> <span class='ocrx_word' id='word_1_74' title='bbox 890 918 1138 962; x_wconf 82' lang='lat' dir='ltr'>inveniret.</span> <span class='ocrx_word' id='word_1_75' title='bbox 1201 915 1370 961; x_wconf 87' lang='lat' dir='ltr'>Posuit</span> 
     </span>
     <span class='ocr_line' id='line_1_12' title="bbox 89 996 1366 1056; baseline -0.003 -14"><span class='ocrx_word' id='word_1_76' title='bbox 89 1013 209 1055; x_wconf 89' lang='lat' dir='ltr'>eum,</span> <span class='ocrx_word' id='word_1_77' title='bbox 241 999 397 1056; x_wconf 90' lang='lat' dir='ltr'>inquit</span> <span class='ocrx_word' id='word_1_78' title='bbox 439 998 750 1054; x_wconf 84' lang='lat' dir='ltr'>evangelista,</span> <span class='ocrx_word' id='word_1_79' title='bbox 783 998 833 1040; x_wconf 89' lang='lat' dir='ltr'>in</span> <span class='ocrx_word' id='word_1_80' title='bbox 866 996 1099 1053; x_wconf 84' lang='lat' dir='ltr'>presepi03</span> <span class='ocrx_word' id='word_1_81' title='bbox 1132 996 1241 1053; x_wconf 89' lang='lat' dir='ltr'>quia</span> <span class='ocrx_word' id='word_1_82' title='bbox 1271 1010 1366 1038; x_wconf 90' lang='lat' dir='ltr'>non</span> 
     </span>
     <span class='ocr_line' id='line_1_13' title="bbox 90 1072 1366 1128; baseline -0.002 -10"><span class='ocrx_word' id='word_1_83' title='bbox 90 1080 191 1119; x_wconf 85' lang='lat' dir='ltr'>erat</span> <span class='ocrx_word' id='word_1_84' title='bbox 220 1075 265 1118; x_wconf 88' lang='lat' dir='ltr'>ei</span> <span class='ocrx_word' id='word_1_85' title='bbox 307 1075 436 1118; x_wconf 91' lang='lat' dir='ltr'>locus</span> <span class='ocrx_word' id='word_1_86' title='bbox 476 1075 525 1117; x_wconf 94' lang='lat' dir='ltr'>in</span> <span class='ocrx_word' id='word_1_87' title='bbox 567 1073 834 1117; x_wconf 85' lang='lat' dir='ltr'>diversorio.</span> <span class='ocrx_word' id='word_1_88' title='bbox 888 1075 953 1117; x_wconf 85' lang='lat' dir='ltr'>Et</span> <span class='ocrx_word' id='word_1_89' title='bbox 984 1073 1052 1116; x_wconf 88' lang='lat' dir='ltr'>sic</span> <span class='ocrx_word' id='word_1_90' title='bbox 1084 1087 1265 1128; x_wconf 86' lang='lat' dir='ltr'>semper</span> <span class='ocrx_word' id='word_1_91' title='bbox 1295 1072 1366 1115; x_wconf 91' lang='lat' dir='ltr'>in-</span> 
     </span>
     <span class='ocr_line' id='line_1_14' title="bbox 89 1149 1366 1208; baseline -0.004 -12"><span class='ocrx_word' id='word_1_92' title='bbox 89 1151 414 1208; x_wconf 80' lang='lat' dir='ltr'>separabiliter</span> <span class='ocrx_word' id='word_1_93' title='bbox 444 1151 666 1195; x_wconf 88' lang='lat' dir='ltr'>comitata</span> <span class='ocrx_word' id='word_1_94' title='bbox 697 1165 744 1194; x_wconf 88' lang='lat' dir='ltr'>es</span> <span class='ocrx_word' id='word_1_95' title='bbox 764 1151 931 1207; x_wconf 87' lang='lat' dir='ltr'>ipsum,</span> <span class='ocrx_word' id='word_1_96' title='bbox 966 1157 1020 1193; x_wconf 91' lang='lat' dir='ltr'>ut</span> <span class='ocrx_word' id='word_1_97' title='bbox 1041 1150 1094 1193; x_wconf 90' lang='lat' dir='ltr'>in</span> <span class='ocrx_word' id='word_1_98' title='bbox 1115 1149 1243 1194; x_wconf 91' lang='lat' dir='ltr'>omni</span> <span class='ocrx_word' id='word_1_99' title='bbox 1266 1149 1366 1192; x_wconf 87' lang='lat' dir='ltr'>vita</span> 
     </span>
     <span class='ocr_line' id='line_1_15' title="bbox 88 1227 1367 1286; baseline -0.003 -13"><span class='ocrx_word' id='word_1_100' title='bbox 88 1244 172 1273; x_wconf 87' lang='lat' dir='ltr'>sua</span> <span class='ocrx_word' id='word_1_101' title='bbox 206 1229 390 1286; x_wconf 88' lang='lat' dir='ltr'>quando</span> <span class='ocrx_word' id='word_1_102' title='bbox 428 1230 478 1272; x_wconf 90' lang='lat' dir='ltr'>in</span> <span class='ocrx_word' id='word_1_103' title='bbox 511 1230 647 1272; x_wconf 89' lang='lat' dir='ltr'>terris</span> <span class='ocrx_word' id='word_1_104' title='bbox 686 1229 814 1272; x_wconf 91' lang='lat' dir='ltr'>visus</span> <span class='ocrx_word' id='word_1_105' title='bbox 846 1236 920 1271; x_wconf 90' lang='lat' dir='ltr'>est</span> <span class='ocrx_word' id='word_1_106' title='bbox 952 1233 1000 1271; x_wconf 92' lang='lat' dir='ltr'>et</span> <span class='ocrx_word' id='word_1_107' title='bbox 1032 1242 1137 1270; x_wconf 89' lang='lat' dir='ltr'>cum</span> <span class='ocrx_word' id='word_1_108' title='bbox 1169 1227 1367 1270; x_wconf 86' lang='lat' dir='ltr'>homini-</span> 
     </span>
     <span class='ocr_line' id='line_1_16' title="bbox 87 1303 1364 1360; baseline -0.001 -12"><span class='ocrx_word' id='word_1_109' title='bbox 87 1305 176 1349; x_wconf 81' lang='lat' dir='ltr'>bus</span> <span class='ocrx_word' id='word_1_110' title='bbox 197 1309 496 1349; x_wconf 87' lang='lat' dir='ltr'>conversatus</span> <span class='ocrx_word' id='word_1_111' title='bbox 517 1311 613 1349; x_wconf 92' lang='lat' dir='ltr'>est:</span> <span class='ocrx_word' id='word_1_112' title='bbox 637 1320 743 1348; x_wconf 89' lang='lat' dir='ltr'>cum</span> <span class='ocrx_word' id='word_1_113' title='bbox 765 1306 931 1360; x_wconf 89' lang='lat' dir='ltr'>vulpes</span> <span class='ocrx_word' id='word_1_114' title='bbox 946 1303 1114 1347; x_wconf 79' lang='lat' dir='ltr'>&#39;foveas</span> <span class='ocrx_word' id='word_1_115' title='bbox 1137 1303 1364 1347; x_wconf 91' lang='lat' dir='ltr'>haberent</span> 
     </span>
     <span class='ocr_line' id='line_1_17' title="bbox 87 1380 1366 1438; baseline -0.002 -12"><span class='ocrx_word' id='word_1_116' title='bbox 87 1387 136 1426; x_wconf 87' lang='lat' dir='ltr'>et</span> <span class='ocrx_word' id='word_1_117' title='bbox 165 1384 378 1428; x_wconf 87' lang='lat' dir='ltr'>volucres</span> <span class='ocrx_word' id='word_1_118' title='bbox 420 1383 510 1427; x_wconf 87' lang='lat' dir='ltr'>celi</span> <span class='ocrx_word' id='word_1_119' title='bbox 551 1383 699 1436; x_wconf 85' lang='lat' dir='ltr'>nidos,</span> <span class='ocrx_word' id='word_1_120' title='bbox 743 1383 840 1438; x_wconf 84' lang='lat' dir='ltr'>ipse</span> <span class='ocrx_word' id='word_1_121' title='bbox 882 1397 979 1425; x_wconf 92' lang='lat' dir='ltr'>non</span> <span class='ocrx_word' id='word_1_122' title='bbox 1023 1381 1240 1425; x_wconf 87' lang='lat' dir='ltr'>habuerit</span> <span class='ocrx_word' id='word_1_123' title='bbox 1282 1380 1366 1424; x_wconf 91' lang='lat' dir='ltr'>ubi</span> 
     </span>
     <span class='ocr_line' id='line_1_18' title="bbox 85 1458 1363 1517; baseline -0.004 -13"><span class='ocrx_word' id='word_1_124' title='bbox 85 1465 226 1517; x_wconf 72' lang='lat' dir='ltr'>eaput</span> <span class='ocrx_word' id='word_1_125' title='bbox 255 1475 391 1503; x_wconf 82' lang='lat' dir='ltr'>suum</span> <span class='ocrx_word' id='word_1_126' title='bbox 430 1461 692 1503; x_wconf 84' lang='lat' dir='ltr'>reclinaret.</span> <span class='ocrx_word' id='word_1_127' title='bbox 756 1458 942 1503; x_wconf 87' lang='lat' dir='ltr'>Deinde</span> <span class='ocrx_word' id='word_1_128' title='bbox 981 1474 1088 1502; x_wconf 90' lang='lat' dir='ltr'>cum</span> <span class='ocrx_word' id='word_1_129' title='bbox 1126 1458 1363 1514; x_wconf 89' lang='lat' dir='ltr'>aperuerit</span> 
     </span>
     <span class='ocr_line' id='line_1_19' title="bbox 88 1535 1366 1594; baseline -0.001 -15"><span class='ocrx_word' id='word_1_130' title='bbox 88 1550 138 1579; x_wconf 89' lang='lat' dir='ltr'>os</span> <span class='ocrx_word' id='word_1_131' title='bbox 153 1536 388 1593; x_wconf 89' lang='lat' dir='ltr'>proprium</span> <span class='ocrx_word' id='word_1_132' title='bbox 406 1535 464 1580; x_wconf 86' lang='lat' dir='ltr'>ad</span> <span class='ocrx_word' id='word_1_133' title='bbox 482 1535 760 1590; x_wconf 88' lang='lat' dir='ltr'>docendum,</span> <span class='ocrx_word' id='word_1_134' title='bbox 781 1538 861 1594; x_wconf 90' lang='lat' dir='ltr'>qui</span> <span class='ocrx_word' id='word_1_135' title='bbox 884 1551 962 1580; x_wconf 83' lang='lat' dir='ltr'>ora</span> <span class='ocrx_word' id='word_1_136' title='bbox 985 1537 1096 1580; x_wconf 87' lang='lat' dir='ltr'>olim</span> <span class='ocrx_word' id='word_1_137' title='bbox 1120 1541 1366 1592; x_wconf 89' lang='lat' dir='ltr'>aperuerat</span> 
     </span>
     <span class='ocr_line' id='line_1_20' title="bbox 86 1611 1364 1669; baseline 0 -15"><span class='ocrx_word' id='word_1_138' title='bbox 86 1611 428 1668; x_wconf 84' lang='lat' dir='ltr'>prophetarum,</span> <span class='ocrx_word' id='word_1_139' title='bbox 445 1612 570 1655; x_wconf 90' lang='lat' dir='ltr'>inter</span> <span class='ocrx_word' id='word_1_140' title='bbox 586 1612 736 1655; x_wconf 89' lang='lat' dir='ltr'>multa</span> <span class='ocrx_word' id='word_1_141' title='bbox 754 1612 834 1669; x_wconf 84' lang='lat' dir='ltr'>qui</span> <span class='ocrx_word' id='word_1_142' title='bbox 846 1614 1028 1656; x_wconf 89' lang='lat' dir='ltr'>locutus</span> <span class='ocrx_word' id='word_1_143' title='bbox 1046 1618 1130 1665; x_wconf 89' lang='lat' dir='ltr'>est,</span> <span class='ocrx_word' id='word_1_144' title='bbox 1149 1616 1197 1654; x_wconf 93' lang='lat' dir='ltr'>te</span> <span class='ocrx_word' id='word_1_145' title='bbox 1213 1611 1364 1668; x_wconf 89' lang='lat' dir='ltr'>primo</span> 
     </span>
     <span class='ocr_line' id='line_1_21' title="bbox 83 1688 1362 1746; baseline 0 -14"><span class='ocrx_word' id='word_1_146' title='bbox 83 1688 307 1743; x_wconf 85' lang='lat' dir='ltr'>laudavit,</span> <span class='ocrx_word' id='word_1_147' title='bbox 343 1694 389 1732; x_wconf 90' lang='lat' dir='ltr'>te</span> <span class='ocrx_word' id='word_1_148' title='bbox 422 1690 572 1746; x_wconf 90' lang='lat' dir='ltr'>primo</span> <span class='ocrx_word' id='word_1_149' title='bbox 605 1690 780 1733; x_wconf 87' lang='lat' dir='ltr'>extulit</span> <span class='ocrx_word' id='word_1_150' title='bbox 812 1690 975 1734; x_wconf 89' lang='lat' dir='ltr'>dicens</span> <span class='ocrx_word' id='word_1_151' title='bbox 1010 1715 1059 1722; x_wconf 96' lang='lat'><strong>—</strong></span> <span class='ocrx_word' id='word_1_152' title='bbox 1086 1690 1224 1734; x_wconf 87' lang='lat' dir='ltr'>Beati</span> <span class='ocrx_word' id='word_1_153' title='bbox 1254 1704 1362 1745; x_wconf 89' lang='lat' dir='ltr'>pau-</span> 
     </span>
     <span class='ocr_line' id='line_1_22' title="bbox 85 1767 1364 1824; baseline -0.002 -14"><span class='ocrx_word' id='word_1_154' title='bbox 85 1782 216 1823; x_wconf 86' lang='lat' dir='ltr'>peres</span> <span class='ocrx_word' id='word_1_155' title='bbox 247 1767 417 1823; x_wconf 90' lang='lat' dir='ltr'>spiritu</span> <span class='ocrx_word' id='word_1_156' title='bbox 451 1768 671 1824; x_wconf 88' lang='lat' dir='ltr'>quoniam</span> <span class='ocrx_word' id='word_1_157' title='bbox 702 1768 907 1823; x_wconf 89' lang='lat' dir='ltr'>ipsorum</span> <span class='ocrx_word' id='word_1_158' title='bbox 928 1774 1000 1811; x_wconf 87' lang='lat' dir='ltr'>est</span> <span class='ocrx_word' id='word_1_159' title='bbox 1020 1782 1219 1824; x_wconf 88' lang='lat' dir='ltr'>regnum</span> <span class='ocrx_word' id='word_1_160' title='bbox 1241 1768 1364 1810; x_wconf 85' lang='lat' dir='ltr'>celo-</span> 
     </span>
     <span class='ocr_line' id='line_1_23' title="bbox 84 1844 1364 1901; baseline 0.001 -16"><span class='ocrx_word' id='word_1_161' title='bbox 84 1857 198 1888; x_wconf 85' lang='lat' dir='ltr'>rum.</span> <span class='ocrx_word' id='word_1_162' title='bbox 261 1844 370 1888; x_wconf 88' lang='lat' dir='ltr'>Jam</span> <span class='ocrx_word' id='word_1_163' title='bbox 413 1859 523 1887; x_wconf 84' lang='lat' dir='ltr'>vero</span> <span class='ocrx_word' id='word_1_164' title='bbox 571 1860 678 1888; x_wconf 89' lang='lat' dir='ltr'>cum</span> <span class='ocrx_word' id='word_1_165' title='bbox 702 1850 880 1888; x_wconf 79' lang='lat' dir='ltr'>sancte</span> <span class='ocrx_word' id='word_1_166' title='bbox 913 1844 1250 1901; x_wconf 86' lang='lat' dir='ltr'>predicationis</span> <span class='ocrx_word' id='word_1_167' title='bbox 1281 1859 1364 1887; x_wconf 93' lang='lat' dir='ltr'>sue</span> 
     </span>
     <span class='ocr_line' id='line_1_24' title="bbox 86 1920 1361 1978; baseline 0.002 -15"><span class='ocrx_word' id='word_1_168' title='bbox 86 1920 374 1978; x_wconf 84' lang='lat' dir='ltr'>glorioseque</span> <span class='ocrx_word' id='word_1_169' title='bbox 417 1922 789 1973; x_wconf 83' lang='lat' dir='ltr'>conversationis</span> <span class='ocrx_word' id='word_1_170' title='bbox 830 1922 883 1965; x_wconf 89' lang='lat' dir='ltr'>in</span> <span class='ocrx_word' id='word_1_171' title='bbox 921 1924 1121 1966; x_wconf 78' lang='lat' dir='ltr'>salutem</span> <span class='ocrx_word' id='word_1_172' title='bbox 1166 1923 1361 1966; x_wconf 88' lang='lat' dir='ltr'>humani</span> 
     </span>
     <span class='ocr_line' id='line_1_25' title="bbox 85 1997 1365 2056; baseline 0.002 -18"><span class='ocrx_word' id='word_1_173' title='bbox 85 1997 267 2052; x_wconf 83' lang='lat' dir='ltr'>generis</span> <span class='ocrx_word' id='word_1_174' title='bbox 297 2002 442 2042; x_wconf 86' lang='lat' dir='ltr'>testes</span> <span class='ocrx_word' id='word_1_175' title='bbox 474 1998 700 2056; x_wconf 90' lang='lat' dir='ltr'>quosdam</span> <span class='ocrx_word' id='word_1_176' title='bbox 732 2000 931 2055; x_wconf 86' lang='lat' dir='ltr'>eligeret</span> <span class='ocrx_word' id='word_1_177' title='bbox 962 1999 1261 2056; x_wconf 88' lang='lat' dir='ltr'>necessarios,</span> <span class='ocrx_word' id='word_1_178' title='bbox 1285 1999 1365 2042; x_wconf 89' lang='lat' dir='ltr'>eli-</span> 
     </span>
     <span class='ocr_line' id='line_1_26' title="bbox 87 2074 1365 2134; baseline 0.002 -18"><span class='ocrx_word' id='word_1_179' title='bbox 87 2074 158 2129; x_wconf 86' lang='lat' dir='ltr'>git</span> <span class='ocrx_word' id='word_1_180' title='bbox 198 2079 324 2118; x_wconf 86' lang='lat' dir='ltr'>certe</span> <span class='ocrx_word' id='word_1_181' title='bbox 365 2091 460 2120; x_wconf 91' lang='lat' dir='ltr'>non</span> <span class='ocrx_word' id='word_1_182' title='bbox 501 2076 673 2121; x_wconf 85' lang='lat' dir='ltr'>divites</span> <span class='ocrx_word' id='word_1_183' title='bbox 715 2083 995 2122; x_wconf 87' lang='lat' dir='ltr'>mercatores</span> <span class='ocrx_word' id='word_1_184' title='bbox 1027 2077 1107 2120; x_wconf 88' lang='lat' dir='ltr'>sed</span> <span class='ocrx_word' id='word_1_185' title='bbox 1140 2091 1365 2134; x_wconf 88' lang='lat' dir='ltr'>pauperes</span> 
     </span>
     <span class='ocr_line' id='line_1_27' title="bbox 87 2151 1366 2214; baseline 0.004 -22"><span class='ocrx_word' id='word_1_186' title='bbox 87 2151 336 2207; x_wconf 85' lang='lat' dir='ltr'>piscatores</span> <span class='ocrx_word' id='word_1_187' title='bbox 357 2157 411 2196; x_wconf 91' lang='lat' dir='ltr'>ut</span> <span class='ocrx_word' id='word_1_188' title='bbox 431 2158 565 2197; x_wconf 83' lang='lat' dir='ltr'>tanta</span> <span class='ocrx_word' id='word_1_189' title='bbox 588 2155 893 2214; x_wconf 82' lang='lat' dir='ltr'>extimatione</span> <span class='ocrx_word' id='word_1_190' title='bbox 917 2154 1184 2198; x_wconf 87' lang='lat' dir='ltr'>ostenderet</span> <span class='ocrx_word' id='word_1_191' title='bbox 1200 2160 1246 2198; x_wconf 90' lang='lat' dir='ltr'>te</span> <span class='ocrx_word' id='word_1_192' title='bbox 1268 2154 1366 2199; x_wconf 90' lang='lat' dir='ltr'>fore</span> 
     </span>
     <span class='ocr_line' id='line_1_28' title="bbox 84 2227 1367 2287; baseline 0.004 -16"><span class='ocrx_word' id='word_1_193' title='bbox 84 2227 143 2271; x_wconf 87' lang='lat' dir='ltr'>ab</span> <span class='ocrx_word' id='word_1_194' title='bbox 174 2229 390 2274; x_wconf 86' lang='lat' dir='ltr'>omnibus</span> <span class='ocrx_word' id='word_1_195' title='bbox 423 2229 723 2287; x_wconf 86' lang='lat' dir='ltr'>diligendam.</span> <span class='ocrx_word' id='word_1_196' title='bbox 791 2231 1004 2276; x_wconf 86' lang='lat' dir='ltr'>Tandem</span> <span class='ocrx_word' id='word_1_197' title='bbox 1036 2247 1146 2276; x_wconf 85' lang='lat' dir='ltr'>vero</span> <span class='ocrx_word' id='word_1_198' title='bbox 1178 2238 1232 2276; x_wconf 90' lang='lat' dir='ltr'>ut</span> <span class='ocrx_word' id='word_1_199' title='bbox 1275 2247 1367 2276; x_wconf 88' lang='lat' dir='ltr'>ma-</span> 
     </span>
     <span class='ocr_line' id='line_1_29' title="bbox 85 2303 1366 2367; baseline 0.004 -20"><span class='ocrx_word' id='word_1_200' title='bbox 85 2303 258 2349; x_wconf 81' lang='lat' dir='ltr'>nifesta</span> <span class='ocrx_word' id='word_1_201' title='bbox 297 2306 358 2350; x_wconf 85' lang='lat' dir='ltr'>sit</span> <span class='ocrx_word' id='word_1_202' title='bbox 399 2307 613 2351; x_wconf 89' lang='lat' dir='ltr'>omnibus</span> <span class='ocrx_word' id='word_1_203' title='bbox 654 2309 840 2353; x_wconf 80' lang='lat' dir='ltr'>bonitas</span> <span class='ocrx_word' id='word_1_204' title='bbox 880 2316 974 2366; x_wconf 91' lang='lat' dir='ltr'>tua,</span> <span class='ocrx_word' id='word_1_205' title='bbox 1013 2310 1366 2367; x_wconf 85' lang='lat' dir='ltr'>magnificentia</span> 
     </span>
     <span class='ocr_line' id='line_1_30' title="bbox 86 2382 1365 2443; baseline 0.005 -20"><span class='ocrx_word' id='word_1_206' title='bbox 86 2386 179 2438; x_wconf 90' lang='lat' dir='ltr'>tua,</span> <span class='ocrx_word' id='word_1_207' title='bbox 224 2397 367 2439; x_wconf 89' lang='lat' dir='ltr'>quum</span> <span class='ocrx_word' id='word_1_208' title='bbox 398 2382 612 2427; x_wconf 85' lang='lat' dir='ltr'>omnibus</span> <span class='ocrx_word' id='word_1_209' title='bbox 655 2385 912 2428; x_wconf 87' lang='lat' dir='ltr'>virtutibus</span> <span class='ocrx_word' id='word_1_210' title='bbox 948 2386 1191 2430; x_wconf 85' lang='lat' dir='ltr'>antecellis</span> <span class='ocrx_word' id='word_1_211' title='bbox 1222 2402 1365 2443; x_wconf 88' lang='lat' dir='ltr'>quum</span> 
     </span>
    </p>
   </div>
  </div>
 </body>
</html>
