1702 2722
1308 105 1361 143 29

82 210 305 240 cruorem.
369 196 552 238 Durans
585 194 773 238 duravit
804 195 1001 238 victoria
1022 194 1109 238 ista
1132 210 1279 252 usque
1302 194 1362 238 ad

79 278 290 329 tempora
318 272 472 327 longa,
505 272 573 315 ita
605 279 659 314 ut
695 270 890 326 singulis
922 270 1088 314 diebus
1117 269 1359 326 signaculo

79 348 250 393 summi
280 349 404 403 regis
437 348 566 391 milia
601 348 917 403 signarentur.
982 347 1075 390 Sed
1106 347 1224 390 heu!
1255 352 1361 403 post

81 426 314 471 modicum
344 425 469 468 facta
501 429 570 467 est
602 438 705 481 pax,
738 430 787 467 et
807 438 898 479 pax
920 424 1003 467 illa
1024 424 1214 480 gravior
1231 425 1360 467 omni

82 504 220 548 bello.
281 503 339 546 In
361 503 492 545 cuius
513 501 740 558 principio
772 501 908 558 pauci
945 506 1057 544 nunt
1087 501 1276 557 signati,
1309 500 1362 543 in

84 579 234 625 medio
265 571 520 637 pauciores,
564 579 616 622 in
658 580 751 622 fine
794 578 1076 635 paucissimi.
1139 580 1204 622 Et
1234 594 1362 622 nunc

85 666 207 705 certe
239 675 345 704 ecce
376 660 427 702 in
460 674 569 715 pace
602 674 705 702 mea
737 658 998 702 amaritudo
1037 673 1140 702 mea
1180 658 1363 702 amaris-

81 739 196 794 sima
225 739 277 782 in
310 753 402 794 qua
443 750 603 780 omnes
641 751 713 779 me
750 735 958 793 fugiunt,
991 750 1152 779 omnes
1189 750 1261 778 me
1293 737 1364 778 fu-

83 820 210 874 gant,
243 831 270 859 a
300 814 446 857 nullis
486 813 709 869 requiror,
752 813 810 857 ab
852 812 1068 856 omnibus
1110 813 1361 870 relinquor.

83 895 180 937 Pax
211 892 354 936 michi
387 896 458 935 est
489 891 546 935 ab
578 889 780 934 inimicis
811 889 893 933 sed
914 904 1009 933 non
1031 906 1058 933 a
1080 889 1361 944 domesticis,

86 984 174 1026 pax
205 969 262 1013 ab
282 968 488 1012 externis
519 967 598 1011 sed
630 982 726 1010 non
757 983 784 1010 a
814 967 936 1011 filiis.
969 969 1034 1011 Et
1057 983 1141 1024 ego
1173 967 1361 1024 quidem

85 1049 207 1092 filios
239 1047 447 1092 enutrivi
477 1051 526 1090 et
556 1046 772 1099 exaltavi,
795 1045 888 1102 ipsi
908 1050 1065 1089 autem
1087 1052 1366 1103 spreverunt

87 1141 173 1171 me.
204 1127 319 1170 Erat
346 1126 396 1168 in
429 1129 638 1180 tempore
668 1123 750 1166 illo
783 1122 967 1179 quando
990 1123 1266 1179 splendebat
1297 1123 1364 1166 lu-

87 1218 225 1248 cerna
255 1201 432 1246 domini
456 1194 610 1256 'super
652 1206 792 1257 caput
833 1188 1008 1254 meum?
1035 1206 1083 1243 et
1114 1200 1173 1244 ad
1205 1201 1363 1244 lumen

87 1280 184 1323 eius
215 1278 509 1321 ambulabam
541 1277 591 1319 in
625 1277 845 1334 tenebris,
889 1277 1116 1334 dyabolus
1147 1277 1196 1319 in
1226 1277 1366 1333 pluri-

86 1356 173 1400 mis
203 1355 284 1413 qui
315 1360 502 1399 mecum
526 1360 625 1398 erat
662 1355 846 1398 seviens
887 1361 999 1410 erat,
1034 1353 1233 1398 mundus
1265 1355 1366 1398 alli-

86 1432 212 1475 ciens
242 1438 354 1487 erat,
387 1435 435 1474 et
466 1445 570 1474 caro
603 1431 951 1487 concupiscens,
983 1431 1050 1474 ita
1074 1437 1126 1474 ut
1147 1431 1284 1474 multi
1307 1447 1365 1475 ex

87 1508 152 1552 eie
198 1507 448 1564 diligerent
494 1507 722 1551 mundum
766 1513 815 1551 et
858 1524 912 1551 ea
958 1523 1047 1564 que
1091 1509 1142 1552 in
1190 1508 1364 1552 mundo

88 1593 212 1629 sunt.

176 1662 263 1707 Sed
312 1663 520 1707 omnium
569 1662 797 1707 virtutum
842 1663 1131 1706 consumatio
1178 1661 1367 1706 domina

87 1741 268 1786 scilicet
301 1740 572 1785 Persecutio
617 1741 693 1783 cui
740 1740 955 1784 dominus
998 1739 1129 1795 regni
1160 1740 1366 1783 celorum

87 1817 283 1862 tradidit
315 1817 438 1860 sicut
470 1822 518 1860 et
551 1817 693 1860 michi
724 1822 824 1860 erat
854 1832 1034 1860 mecum
1066 1817 1117 1859 in
1149 1817 1366 1860 omnibus

35 1927 42 1933 -
86 1893 236 1938 fidelis
253 1893 471 1947 adiutrix,
495 1894 630 1937 fortis
652 1894 934 1952 auxiliatrix,
958 1894 1240 1937 consolatrix
1261 1908 1367 1951 pru-

86 1969 211 2024 dens,
245 1985 332 2027 que
374 1970 413 2014 si
444 1970 631 2027 quando
673 1969 866 2015 videbat
907 1971 1088 2028 aliquos
1129 1976 1365 2027 tepescere

86 2047 278 2091 caritate
310 2047 470 2090 celesti
501 2048 578 2090 vel
610 2047 668 2090 ad
699 2048 941 2104 paululum
964 2047 1180 2091 oblivisci
1202 2047 1254 2090 in
1277 2052 1366 2090 ter-

85 2124 209 2168 renis
241 2128 479 2181 utrunque
503 2139 581 2168 cor
601 2139 785 2182 ponere,
810 2125 968 2168 statim
990 2124 1255 2182 intonabat,
1279 2132 1368 2167 sta-

87 2200 172 2244 tim
203 2200 486 2245 admonebat
517 2201 786 2256 exercitum,
819 2202 979 2261 statim
1010 2201 1213 2245 filiorum
1245 2215 1366 2244 meo-

89 2291 190 2322 rum
223 2278 448 2334 implebat
478 2276 618 2320 facies
649 2278 909 2335 ignominia
940 2283 994 2321 ut
1016 2284 1265 2335 quererent
1288 2293 1367 2322 no-

88 2368 195 2398 men
228 2354 417 2398 domini.
449 2355 587 2397 Nunc
617 2359 774 2397 autem
804 2354 1000 2411 reliquit
1022 2369 1094 2397 me
1117 2367 1243 2398 soror
1266 2370 1367 2398 mea
