1702 2722
357 111 410 150 36

353 202 572 256 positum.
620 201 915 258 Vocavitque
937 200 1192 258 Accidiam,
1213 215 1303 257 que
1324 201 1447 245 bona
1468 208 1539 246 est
1559 217 1638 246 ne-

353 277 529 334 gligere
561 278 778 321 inchoare
811 285 859 321 et
890 278 1112 322 inchoata
1142 278 1360 334 perficere
1393 284 1441 323 et
1471 280 1639 324 statuit

353 353 488 398 fedus
518 370 625 398 cum
656 371 710 399 ea
741 359 790 398 et
811 361 1000 411 pactum
1025 355 1304 412 pepigerunt
1325 359 1488 399 contra
1507 355 1637 400 istos.

354 431 462 475 Non
492 436 593 475 erat
621 430 663 474 ei
695 432 833 475 nimis
865 430 1110 475 familiaris
1142 447 1229 475 nec
1262 431 1424 475 stricte
1447 432 1640 476 coniun-

355 514 443 565 cta,
475 514 635 552 tamen
667 509 717 553 in
754 510 928 553 malum
966 509 1191 553 libentius
1227 513 1552 553 convenerunt
1586 509 1638 552 in

355 600 515 639 unum,
558 586 678 630 sicut
713 586 826 629 olim
862 587 1044 629 Pilatus
1083 592 1130 630 et
1170 585 1380 629 Herodes
1418 585 1638 629 adversus

356 664 648 708 salvatorem.
692 665 755 708 Et
785 664 904 706 inito
937 662 1132 707 consilio
1163 662 1407 706 infremuit
1443 662 1639 706 Accidia

355 748 404 784 et
434 741 558 784 facto
589 741 769 796 impetu
812 756 919 783 cum
951 739 1239 784 satellitibus
1276 740 1372 784 suis
1409 740 1527 784 fines
1565 754 1639 782 eo-

354 832 458 861 rum
489 819 701 874 ingressa
733 822 819 871 est,
852 821 900 860 et
931 818 1045 861 totis
1077 817 1258 860 viribus
1291 831 1417 859 arma
1447 831 1530 860 sua
1561 816 1639 860 de-

357 893 531 938 ducens
554 894 796 938 caritatem
817 908 977 937 eorum
999 893 1217 948 extinxit,
1242 898 1291 936 et
1321 894 1371 936 in
1403 898 1636 950 torporem

356 973 502 1015 vertit
534 987 626 1015 eos.
660 971 829 1028 Sicque
860 986 1022 1028 parum
1046 986 1073 1014 a
1094 970 1482 1027 pusillanimitate
1504 970 1639 1026 spiri-

357 1056 433 1092 tus
466 1048 643 1092 absorti
674 1048 787 1092 facti
825 1054 934 1092 sunt
965 1056 1190 1106 tanquam
1222 1049 1398 1092 mortui
1428 1065 1454 1092 a
1484 1048 1635 1094 corde.

357 1128 593 1183 Ceperunt
623 1125 791 1168 deinde
823 1125 878 1169 ad
914 1140 1096 1182 queque
1129 1126 1394 1183 Egyptiaca
1432 1140 1522 1182 que
1553 1125 1635 1169 de-

357 1203 681 1259 relinquerant
717 1202 961 1259 suspirare,
995 1207 1044 1245 et
1081 1217 1170 1258 que
1212 1201 1348 1245 corde
1391 1201 1637 1259 magnifico

355 1284 734 1337 contempserant
765 1280 966 1336 turpiter
986 1279 1299 1336 requirebant.
1343 1278 1636 1322 Incedebant

357 1357 516 1401 tristes
549 1357 675 1400 viam
707 1357 1035 1399 mandatorum
1067 1355 1258 1398 Domini
1280 1366 1328 1399 et
1349 1354 1486 1398 corde
1506 1354 1634 1399 arido

357 1433 415 1477 ad
437 1448 670 1490 quequam
691 1433 906 1476 iniuncta
927 1432 1188 1476 currebant.
1234 1432 1528 1474 Deficiebant
1549 1431 1632 1474 sub

355 1510 564 1555 oratione
597 1516 644 1554 et
676 1515 868 1567 propter
906 1509 1111 1564 inopiam
1149 1508 1342 1565 spiritus
1385 1508 1465 1551 vix
1502 1513 1634 1564 pote-

354 1594 460 1632 rant
489 1589 729 1643 respirare.
782 1589 907 1631 Rara
939 1586 1238 1642 compunctio
1260 1591 1361 1629 erat
1392 1586 1472 1637 eis,
1496 1586 1629 1630 nulla

354 1666 590 1720 contritio,
635 1663 902 1708 obedientia
938 1665 1077 1720 plena
1114 1678 1360 1717 murmure,
1403 1662 1633 1720 cogitatio

354 1743 589 1798 animalis,
633 1742 788 1786 letitia
830 1741 1080 1794 dissoluta,
1125 1740 1382 1797 pusillamis
1424 1739 1629 1798 tristitia,

355 1834 503 1863 sermo
535 1820 765 1873 incautus,
798 1819 919 1862 risus
950 1818 1119 1861 facilis.
1180 1818 1239 1860 In
1261 1817 1397 1861 vultu
1415 1817 1625 1873 yhritas,

353 1896 403 1938 in
435 1897 622 1939 incessu
653 1897 854 1950 vanitas,
888 1895 1036 1939 vestis
1070 1895 1223 1938 mollis
1246 1897 1295 1937 et
1317 1893 1516 1938 delicata
1536 1898 1632 1937 stu-

354 1973 482 2016 diose
508 1974 656 2018 incisa
679 1980 727 2018 et
748 1972 1003 2016 studiosius
1027 1975 1238 2025 consuta,
1261 1985 1482 2027 sompnus
1513 1971 1629 2014 mul-

351 2055 441 2107 tus,
475 2051 604 2094 cibus
647 2051 924 2107 superfluus,
967 2056 1106 2105 potus
1137 2049 1490 2104 intemperatus,
1533 2049 1629 2092 Nu-

348 2143 430 2184 gas
463 2132 512 2171 et
546 2128 712 2170 truffas
745 2132 793 2170 et
825 2128 968 2170 verba
999 2124 1299 2182 proferebant
1329 2125 1380 2167 in
1418 2129 1628 2168 ventum.

347 2205 634 2248 Recitabant
665 2204 860 2256 fabulas,
884 2203 1131 2246 mutabant
1152 2202 1292 2258 leges,
1317 2201 1630 2258 disponebant

346 2283 610 2337 provincias
645 2285 693 2324 et
725 2281 966 2324 hominum
1004 2279 1129 2323 facta
1170 2278 1426 2335 diligenter
1460 2282 1632 2322 tracta-

353 2358 480 2402 bant.
532 2360 604 2401 De
627 2358 851 2401 exercitio
875 2357 1110 2414 spirituali
1132 2357 1311 2400 nullam
1332 2371 1504 2413 curam,
1527 2356 1631 2399 nul-
