1702 2722
355 132 409 170 22

355 220 457 262 sine
488 226 535 263 te
567 219 699 261 nulla
737 224 892 273 potest
923 233 1020 260 esse
1053 218 1217 270 virtus,
1252 231 1402 273 quum
1434 230 1631 272 regnum

355 301 488 339 tuum
514 309 617 361 ,non
647 302 720 337 est
757 293 813 337 de
855 293 942 337 hoc
974 292 1148 336 mundo
1181 291 1264 336 sed
1297 291 1354 335 de
1387 293 1502 347 celo,
1533 293 1633 336 sola

357 378 472 416 tunc
503 371 604 428 regi
634 371 783 427 glorie
815 370 1042 414 adhesisti
1081 385 1187 413 cum
1219 383 1380 413 omnes
1412 369 1553 413 electi
1583 375 1634 414 et

357 448 519 492 dilecti
550 449 650 491 eius
682 448 837 504 ipsum
868 447 1176 502 reliquerunt.
1240 447 1312 491 Tu
1345 451 1501 490 autem
1524 445 1636 490 fide-

357 526 536 570 lissima
565 539 746 582 sponsa,
786 524 986 567 amatrix
1017 523 1288 568 dulcissima
1331 537 1418 565 nec
1449 522 1508 566 ad
1539 537 1634 566 mo-

357 606 568 646 mentum
589 601 858 645 descessisti
880 600 939 643 ab
971 614 1039 643 eo.
1102 600 1252 643 Immo
1283 603 1399 642 tunc
1431 598 1523 641 sibi
1542 613 1636 642 ma·

357 681 430 739 gis
462 678 730 736 adherebas,
754 694 861 722 cum
892 678 1041 735 magis
1069 692 1174 720 eum
1195 677 1254 720 ab
1276 677 1494 720 omnibus
1527 691 1632 720 con-

357 757 504 801 temni
546 755 757 800 videbas.
827 756 950 799 Nam
997 754 1037 796 si
1078 769 1185 797 cum
1230 768 1285 797 eo
1324 768 1423 797 non
1469 753 1632 796 fuisses

358 847 598 889 nunquam
629 832 695 874 sic
718 832 775 875 ab
800 830 1019 874 omnibus
1043 829 1223 885 despici
1246 828 1491 885 potuisset.
1554 829 1634 873 Se-

357 925 462 954 cum
494 924 595 952 eras
625 909 676 951 in
709 907 928 951 convitiis
960 905 1224 962 Iudeorum,
1247 905 1299 948 in
1320 905 1638 949 insultationi·

357 989 443 1031 bus
475 988 806 1044 phariseorum,
838 986 888 1027 in
910 983 1348 1040 exprobrationibus
1370 982 1635 1039 principum

359 1065 661 1120 sacerdotum,
694 1078 851 1106 secum
882 1062 933 1104 in
957 1061 1181 1117 colaphis,
1206 1074 1364 1103 secum
1385 1059 1435 1102 in
1466 1058 1633 1115 sputis,

359 1156 517 1186 secum
539 1142 588 1184 in
610 1140 821 1196 flagellis.
874 1137 1182 1182 Reverendus
1204 1137 1262 1181 ab
1279 1135 1511 1192 omnibus,
1528 1137 1635 1179 sub-

360 1221 583 1262 sannatus
616 1217 674 1261 ab
706 1216 923 1259 omnibus
956 1218 1069 1267 erat,
1103 1218 1152 1257 et
1183 1219 1236 1256 tu
1259 1213 1549 1258 solatiabaris
1572 1214 1630 1256 ei.

359 1297 467 1340 Non
500 1294 734 1351 reliquisti
779 1298 885 1336 eum
926 1307 1074 1348 usque
1106 1291 1163 1334 ad
1195 1296 1406 1344 mortem,
1438 1294 1636 1334 mortem

358 1379 516 1417 autem
557 1372 719 1415 crucis.
774 1372 838 1413 Et
878 1370 930 1412 in
961 1370 1059 1426 ipsa
1092 1384 1241 1423 cruce,
1275 1367 1513 1411 denudato
1544 1368 1637 1410 iam

358 1464 548 1506 corpore
590 1448 800 1492 extensis
842 1446 1046 1490 brachiis
1089 1445 1305 1488 manibus
1348 1449 1396 1487 et
1442 1442 1637 1500 pedibus

359 1527 568 1583 confixis,
603 1540 763 1569 secum
796 1523 1065 1580 patiebaris,
1098 1523 1167 1565 ita
1197 1525 1251 1564 ut
1270 1520 1419 1564 nichil
1439 1521 1492 1563 in
1515 1534 1570 1564 eo
1590 1524 1639 1563 te

359 1604 604 1661 gloriosius
629 1606 883 1659 appareret.
946 1599 1159 1656 Denique
1181 1599 1475 1656 signaculum
1506 1597 1641 1654 regni

361 1682 565 1725 celorum
599 1680 657 1723 ad
689 1677 974 1737 signandum
998 1678 1182 1732 electos,
1205 1675 1391 1732 quando
1411 1675 1463 1717 in
1484 1674 1639 1718 celum

363 1758 491 1815 abiit,
523 1758 613 1800 tibi
643 1755 837 1812 reliquit
869 1758 923 1797 ut
957 1754 1237 1810 quicumque
1269 1750 1328 1794 ad
1349 1765 1544 1807 regnum
1566 1765 1641 1792 su-

362 1834 504 1892 spirat
537 1839 753 1877 eternum
795 1832 852 1876 ad
894 1835 944 1874 te
986 1831 1147 1874 veniat
1176 1845 1203 1873 a
1237 1833 1285 1872 te
1316 1832 1446 1885 petat
1479 1842 1560 1882 per
1588 1831 1638 1870 te

362 1913 580 1964 introeat,
614 1911 721 1968 quia
750 1911 845 1953 nisi
876 1910 1087 1966 signatus
1110 1909 1173 1951 sit
1196 1906 1442 1965 signaculo
1459 1909 1558 1952 tuo.
1581 1903 1642 1947 ad

361 2004 558 2046 regnum
590 1989 834 2045 quisquam
866 1988 1039 2030 intrare
1062 1999 1157 2028 non
1180 1988 1347 2041 potest.
1412 1983 1537 2038 Ergo
1561 1981 1645 2025 do-

361 2066 488 2109 mina
518 2069 780 2120 compatere
815 2064 966 2119 nobis,
1000 2062 1138 2119 signa
1158 2076 1244 2104 nos
1267 2059 1516 2117 signaculo
1538 2073 1641 2115 gra-

362 2143 428 2186 tie
459 2148 553 2186 tue.
617 2142 731 2192 Quis
773 2141 896 2183 enim
938 2145 1033 2183 tam
1075 2138 1217 2182 hebes
1259 2141 1344 2192 est,
1390 2141 1488 2179 tam
1527 2134 1643 2177 insi-

364 2219 497 2276 piens
530 2225 584 2262 ut
622 2224 667 2262 te
713 2222 813 2261 toto
847 2215 985 2261 corde
1017 2231 1113 2259 non
1146 2215 1328 2270 diligat,
1361 2227 1450 2268 que
1483 2212 1550 2254 sic
1581 2211 1640 2254 ab

365 2296 594 2341 altissimo
617 2311 665 2339 es
687 2296 836 2338 electa
858 2300 906 2337 et
927 2294 985 2337 ab
1009 2296 1172 2336 eterno
1195 2291 1467 2348 preparata?
1529 2287 1642 2338 Quis

364 2378 413 2417 te
444 2388 538 2416 non
568 2377 838 2415 revereatur
869 2376 916 2413 et
939 2370 1150 2425 honoret,
1184 2366 1369 2425 quando
1400 2365 1483 2408 ille
1506 2377 1643 2420 quem
