1702 2722
342 105 394 143 32

343 206 513 235 nomen
546 191 842 235 discretionis
873 192 951 235 vel
983 191 1244 248 prudentie,
1277 207 1383 235 cum
1413 193 1519 236 talis
1552 192 1618 235 di-

343 269 511 313 scretio
545 269 697 326 potius
739 268 936 312 dicendo
979 275 1103 312 esset
1142 268 1354 312 confusio
1385 274 1433 312 et
1463 269 1619 325 provi-

343 346 503 391 dentia
534 347 763 390 bonorum
795 346 1002 390 omnium
1033 346 1292 403 pernitiosa
1321 346 1512 391 oblivio.
1553 348 1618 391 Et

344 423 564 468 dicebant
579 423 638 467 ad
655 439 728 467 me
747 449 792 456 -
811 424 911 467 Tua
929 428 1001 466 est
1017 424 1242 481 potentia,
1258 429 1390 467 tuum
1404 439 1617 481 regnum,

341 518 400 545 ne
432 503 611 546 timeas.
644 503 828 545 Bonum
850 505 920 545 est
941 502 1159 546 insistere
1189 503 1405 559 operibus
1427 503 1618 559 pietatis

342 585 390 622 et
421 595 584 622 vacare
617 579 847 622 fructibus
879 579 1032 631 bonis,
1065 580 1227 635 egenis
1259 580 1476 637 tribuere,
1511 594 1619 636 pau-

342 657 527 712 peribus
548 655 724 713 aliquid
747 655 868 698 dare.
906 657 971 698 Et
993 655 1205 699 dicebam
1226 655 1293 698 eis
1313 682 1363 688 —
1387 657 1493 699 Non
1516 670 1619 699 con·

341 733 534 789 tradico,
566 732 748 789 fratres,
782 731 907 789 quod
949 732 1036 774 hoc
1067 732 1242 775 bonum
1271 746 1370 775 non
1402 731 1465 776 sit
1493 731 1617 787 quod

342 809 498 852 dicitis
531 823 625 863 vos,
658 807 739 851 sed
770 806 944 863 videte,
978 807 1183 858 obsecro,
1217 807 1510 851 vocationem
1540 822 1619 850 ve-

340 892 495 930 stram.
528 884 689 929 Nolite
721 884 927 940 aspicere
958 888 1096 927 retro,
1130 883 1289 926 Nolite
1321 881 1377 926 de
1398 887 1526 927 tecto
1542 882 1619 926 de-

341 962 575 1014 scendere,
609 961 775 1005 tollere
797 959 973 1016 aliquid
997 959 1053 1002 de
1077 959 1224 1003 domo.
1247 960 1405 1003 Nolite
1428 958 1485 1002 de
1507 974 1618 1016 agro

339 1041 515 1084 reverti
543 1046 678 1092 retro,
711 1039 876 1081 tollere
900 1038 1250 1081 vestimentum.
1283 1037 1444 1080 Nolite
1465 1036 1618 1080 invol-

342 1118 389 1161 vi
419 1118 623 1173 negotiis
656 1116 956 1159 secularibus.
1002 1115 1162 1158 Nolite
1195 1114 1427 1171 implicari
1458 1129 1617 1157 rursus

340 1193 800 1250 coinquinationibus
833 1191 997 1235 mundi
1028 1199 1076 1236 et
1107 1191 1482 1248 corruptionibus
1503 1205 1618 1246 quas

340 1270 527 1328 fugistis
558 1285 640 1326 per
671 1269 991 1326 cognitionem
1023 1268 1284 1311 salvatoris.
1315 1269 1515 1311 Necesse
1545 1272 1619 1310 est

341 1349 466 1392 enim
498 1355 553 1390 ut
574 1347 662 1389 hiis
685 1361 843 1390 rursus
865 1346 1094 1403 implicati
1116 1349 1461 1401 supererentur,
1484 1345 1618 1388 fiant-

340 1441 430 1483 que
462 1425 714 1482 posteriora
746 1438 907 1466 eorum
939 1423 1170 1466 deteriora
1190 1422 1438 1478 prioribus,
1462 1421 1617 1476 specie

340 1503 529 1560 pietatis
560 1508 812 1545 retrorsum
844 1501 998 1544 eundo
1029 1501 1087 1544 ab
1121 1514 1175 1543 eo
1207 1498 1333 1556 quod
1364 1498 1458 1541 illis
1479 1497 1620 1542 tradi-

339 1586 442 1624 tum
464 1585 536 1623 est
556 1595 580 1622 e
603 1584 764 1622 sancto
782 1578 1016 1622 mandato,
1060 1578 1272 1634 Cumque
1290 1575 1506 1619 omnibus
1524 1574 1618 1617 ista

341 1672 657 1714 proponerem,
690 1655 815 1699 facta
846 1661 920 1698 est
952 1655 1177 1698 dissentio
1216 1654 1340 1697 inter
1380 1667 1471 1696 eos.
1522 1652 1616 1695 Alii

340 1733 559 1777 dicebant
590 1733 714 1790 quod
747 1759 803 1763 —
834 1734 969 1776 Bona
999 1746 1047 1775 es
1078 1737 1126 1774 et
1166 1731 1287 1774 benc
1327 1729 1457 1773 dicis.
1519 1728 1615 1785 Alij

341 1815 496 1853 autem
531 1825 639 1863 non,
673 1809 754 1852 sed
786 1808 1003 1852 seducere
1037 1823 1121 1851 nos
1154 1809 1271 1861 vult,
1293 1811 1348 1850 ut
1367 1806 1450 1849 illa
1469 1804 1618 1848 imite-

341 1903 470 1931 mus:
511 1888 679 1930 misera
721 1893 794 1930 est
834 1894 882 1931 et
913 1901 1072 1930 omnes
1104 1901 1190 1929 nos
1231 1899 1387 1927 secum
1427 1883 1618 1926 miseros

341 1979 439 2008 esse
472 1964 715 2008 desiderat.

431 2043 538 2086 Non
571 2041 723 2097 potuit
756 2041 908 2084 emula
939 2055 1043 2083 mea
1074 2039 1310 2095 expellere
1346 2052 1417 2080 me
1441 2036 1497 2080 de
1519 2036 1621 2080 fini-

343 2122 428 2164 bus
462 2135 620 2163 eorum
654 2126 863 2175 tempore
895 2118 994 2174 illo⁷
1029 2118 1135 2174 quia
1165 2116 1316 2160 adhuc
1337 2115 1475 2158 multi
1495 2114 1622 2157 inter

343 2213 419 2242 eos
450 2197 609 2254 magni
639 2195 835 2239 fervoris
867 2200 915 2238 et
946 2209 1114 2251 magne
1145 2193 1354 2236 caritatis
1375 2192 1466 2235 viri
1487 2194 1621 2234 erant

343 2276 393 2318 in
424 2273 651 2330 principio
684 2272 1004 2316 conversionis
1037 2285 1211 2324 eorum,
1235 2271 1358 2313 celos
1379 2267 1619 2325 pulsantes

344 2353 624 2397 clamoribus
648 2357 696 2395 et
717 2355 1021 2408 penetrantes
1044 2349 1306 2393 orationum
1327 2345 1548 2391 instantia
1570 2359 1619 2387 se
