1702 2722
1322 116 1373 160 41

93 207 175 252 illo
207 204 394 264 quando
439 204 502 248 sit
537 205 784 260 elongatus
820 205 1033 260 multum.
1098 204 1203 248 Scio
1252 204 1375 248 enim

93 281 218 341 quod
237 297 292 325 ex
316 281 498 326 fervore
530 281 676 335 nimio
708 280 944 324 levissima
976 281 1133 337 omnia
1154 281 1286 324 vobis
1310 281 1378 324 vi-

94 360 279 418 dentur,
304 359 384 404 sed
408 364 689 403 mementote
711 358 837 416 quod
860 357 1033 402 dicitur
1058 383 1107 390 -—
1134 358 1251 410 Quia
1273 375 1379 402 ecce

94 437 175 493 qui
205 436 416 479 serviunt
449 438 496 478 et
526 448 623 477 non
654 439 766 477 sunt
797 433 1002 486 stabiles,
1036 438 1084 477 et
1114 433 1161 476 in
1195 434 1378 492 angelis

92 514 187 556 suis
207 513 414 570 repperit
434 511 724 569 pravitatem.
749 511 962 555 Primum
982 510 1175 568 quidem
1196 511 1255 555 ad
1277 526 1378 568 por-

94 591 289 652 tandum
310 591 467 634 omnia
488 590 756 634 dulcissima
770 589 905 632 vobis
919 588 1145 643 existunt,
1164 588 1245 632 sed
1267 604 1378 646 pau-

96 669 139 712 lo
170 674 274 726 post
304 667 557 711 securitate
594 670 786 722 accepta
819 664 876 708 de
916 666 1100 708 collatis
1135 665 1379 709 beneficiis

92 746 322 789 incuriam
343 744 595 788 amictetis.
638 743 886 788 Putabibis
908 743 1017 799 quia
1035 758 1125 800 qua
1147 743 1258 786 hora
1274 743 1378 786 vul-

92 823 154 865 tis
185 822 235 864 in
266 822 412 879 ipsam
444 819 594 864 redire
627 827 676 863 et
706 820 903 877 primam
925 819 1196 864 reinvenire
1218 834 1382 873 conso-

94 900 318 944 lationem
348 899 549 955 possitis,
573 897 653 958 sed
674 898 970 954 negligentia
1000 900 1144 954 semel
1178 898 1380 942 admissa

95 993 193 1023 non
225 978 282 1024 de
313 976 442 1021 facili
474 978 745 1034 extirpatur.
780 977 1050 1021 Declinabit
1093 976 1262 1020 deinde
1305 991 1383 1021 cor

95 1062 304 1100 vestrum
326 1055 383 1100 ad
414 1056 516 1113 alia,
549 1055 630 1099 sed
661 1054 779 1099 ratio
811 1055 1086 1100 reclamabit
1108 1060 1162 1098 ut
1179 1055 1381 1100 redeatis

96 1135 154 1177 ab
186 1133 349 1190 priora,
373 1134 442 1176 sic
474 1132 690 1183 conversi
719 1133 771 1176 in
804 1138 1038 1190 torporem
1071 1139 1120 1176 et
1153 1133 1379 1176 accidiam

94 1210 286 1267 spiritus
306 1209 520 1254 volatilia
541 1210 899 1268 excusationum
922 1210 1066 1254 verba
1087 1209 1379 1267 protendetis

94 1287 305 1340 dicentes
341 1313 390 1319 —
425 1287 528 1331 Non
561 1302 807 1344 possumus
840 1303 939 1331 esse
972 1287 1095 1331 sicut
1126 1286 1176 1329 in
1211 1286 1380 1342 princi-

93 1366 171 1425 pio
201 1365 373 1425 fuimus
402 1364 545 1408 fortes
577 1370 625 1407 et
658 1379 784 1407 nunc
805 1364 900 1407 alia
931 1370 1139 1420 tempora
1169 1367 1379 1420 currunt,

94 1441 358 1485 nescientes
380 1441 491 1500 quid
514 1441 681 1498 dicere,
704 1441 813 1498 quia
835 1457 941 1484 cum
963 1445 1262 1484 consumatus
1284 1440 1383 1483 fue-

95 1517 160 1560 rit
190 1517 326 1578 homo
358 1522 472 1561 tunc
503 1518 714 1575 incipiet.
748 1518 854 1562 Erit
876 1524 1032 1562 tamen
1054 1518 1107 1561 in
1129 1519 1284 1571 animo
1307 1532 1381 1561 ve-

94 1599 194 1639 stro
225 1610 405 1652 semper
436 1596 528 1639 ista
559 1611 651 1640 vox
683 1597 750 1639 sic
782 1595 942 1640 dicens
966 1622 1016 1628 —
1046 1597 1159 1640 Cras
1181 1612 1280 1640 cras
1312 1611 1381 1639 re-

96 1680 327 1717 verterem
368 1673 427 1718 ad
459 1674 611 1718 virum
652 1674 866 1731 priorem,
901 1674 1012 1731 quia
1043 1673 1212 1717 melius
1244 1674 1379 1718 nobis

95 1754 207 1793 tunc
238 1756 339 1794 erat
369 1766 507 1807 quam
538 1766 678 1794 nunc.
711 1752 832 1794 Ecce
863 1751 1048 1806 predixi
1080 1750 1213 1795 vobis
1245 1750 1379 1808 plura

92 1827 262 1871 fratres
294 1833 342 1871 et
373 1828 522 1872 multa
552 1828 701 1872 habeo
734 1829 869 1873 vobis
891 1828 1046 1872 dicere
1072 1843 1161 1885 que
1184 1844 1279 1872 non
1303 1843 1379 1884 po-

95 1906 225 1949 testis
255 1911 440 1962 portare
472 1906 624 1950 modo.
658 1907 831 1950 Veniet
852 1907 967 1951 hora
997 1922 1105 1950 cum
1126 1907 1279 1964 palam
1301 1921 1380 1949 vo-

94 1982 165 2025 bis
196 1997 421 2039 exponam
457 1983 613 2037 omnia
643 1983 924 2040 supradicta.

184 2058 260 2102 Ad
292 2059 379 2102 hec
411 2059 578 2104 beatus
610 2060 887 2104 Franciscus
909 2076 1016 2105 cum
1037 2060 1262 2104 fratribus
1289 2061 1383 2104 suis

94 2149 269 2193 pronus
300 2135 351 2179 in
382 2140 552 2180 terram
586 2136 757 2180 cecidit
793 2137 966 2197 gratias
1005 2152 1148 2195 agens
1189 2138 1290 2181 Deo
1334 2145 1382 2180 et

94 2211 213 2258 dixit
238 2239 288 2246 —
313 2213 490 2269 Placet,
516 2213 703 2258 domina
725 2221 898 2271 nostra,
922 2215 1047 2272 quod
1069 2214 1196 2268 dicis,
1219 2230 1306 2258 nec
1331 2215 1382 2257 in

94 2290 314 2334 omnibus
347 2305 436 2348 que
468 2292 626 2335 locuta
658 2306 704 2335 es
746 2293 903 2348 aliqua
939 2293 1242 2350 reprehensio
1281 2307 1379 2337 esse

95 2371 263 2424 potest.
281 2368 456 2412 Verum
474 2373 543 2411 est
563 2382 711 2418 sermo
733 2383 871 2425 quem
892 2369 1158 2413 audivimus
1180 2370 1230 2412 in
1254 2375 1378 2414 terra
