1702 2722
354 125 405 163 26

350 214 503 256 minus
516 210 891 267 benignissimus,
910 211 1179 267 expectavit
1190 211 1499 267 penitentiam
1516 212 1628 270 eius,

353 291 462 334 data
484 289 574 332 sibi
607 288 850 331 occasione
882 287 1151 332 revertendi
1184 287 1243 331 ad
1276 303 1393 332 eum.
1456 289 1630 332 Verum

351 368 490 410 miser
535 365 795 409 declinavit
837 380 915 409 cor
963 381 1097 409 suum
1145 367 1194 408 in
1241 366 1384 409 verba
1425 381 1631 422 prorum-

352 458 468 501 pens
500 443 680 486 malitie
698 442 755 486 ad
788 442 1077 486 excusandas
1095 443 1423 486 excusationes
1446 442 1496 484 in
1527 457 1631 499 pec-

353 520 481 564 catis.
534 520 610 563 Sic
653 524 701 563 et
732 520 916 575 culpam
947 519 1077 563 auxit
1111 525 1159 562 et
1198 519 1515 563 accumulavit
1554 533 1632 575 pe-

351 613 473 650 nam,
506 596 826 640 thesaurizans
859 596 950 639 sibi
987 596 1103 640 iram
1127 597 1184 639 in
1217 595 1292 639 die
1330 596 1396 640 ire
1429 601 1478 639 et
1513 595 1633 639 indi-

354 673 593 733 gnationis
623 673 737 716 iusti
774 673 936 729 iudicij
970 674 1071 716 Dei.
1131 674 1238 716 Non
1270 674 1478 730 pepercit
1509 674 1632 716 enim

355 751 445 795 sibi
466 765 552 793 nec
575 750 743 793 semini
766 764 848 792 suo
872 754 980 806 post
1002 765 1065 804 se,
1089 749 1290 793 terribili
1311 749 1633 794 maledictioni

353 828 518 872 mortis
566 827 790 871 adiciens.
867 826 1206 871 Judicantibus
1252 842 1365 870 vero
1412 828 1629 872 omnibus

354 905 434 962 qui
466 904 756 948 assistebant
787 903 929 947 eiecit
959 918 1065 947 eum
1098 903 1316 947 dominus
1339 903 1397 946 de
1417 904 1632 960 paradiso

355 984 625 1041 voluptatis,
648 984 774 1026 iusto
807 982 888 1025 sed
922 996 1018 1025 non
1049 983 1206 1026 minus
1238 981 1493 1026 miserendi
1515 981 1633 1025 iudi-

353 1062 437 1106 cio.
501 1062 562 1105 Et
592 1065 646 1103 ut
677 1064 994 1104 reverteretur
1024 1059 1144 1103 dixit
1167 1060 1210 1103 ei
1231 1065 1496 1116 temperans
1519 1060 1635 1103 mul-

353 1143 454 1182 tum
483 1136 829 1181 maledictionis
862 1137 1156 1180 sententiam.
1221 1137 1358 1180 Fecit
1381 1137 1423 1182 ei
1446 1137 1633 1181 tunicas

351 1215 590 1272 pelliceae,
623 1214 959 1258 mortalitatem
982 1215 1082 1257 eius
1104 1215 1154 1257 in
1178 1214 1246 1258 eis
1270 1214 1534 1271 designans,
1557 1229 1633 1256 ve-

354 1293 503 1337 stibus
535 1292 802 1347 ignorantie
825 1290 1082 1347 expoliatis,
1127 1290 1307 1335 Videns
1330 1305 1440 1347 ergo
1463 1290 1634 1333 sotium

353 1387 508 1415 meum
540 1371 759 1414 indutum
791 1371 992 1427 pellibus
1024 1375 1328 1427 mortuorum,
1360 1385 1418 1412 ex
1441 1376 1541 1413 toto
1563 1383 1632 1412 re-

352 1450 472 1493 cessi
504 1449 561 1493 ab
594 1463 646 1492 eo
679 1449 760 1505 qui
791 1447 849 1491 ad
882 1447 1262 1504 multiplicandos
1294 1447 1478 1490 labores
1509 1445 1634 1489 unde

353 1526 486 1570 dives
517 1526 651 1570 fieret
683 1526 922 1582 proiectus
955 1530 1067 1569 erat.
1130 1525 1261 1569 Ibam
1284 1523 1483 1580 proinde
1515 1537 1636 1580 vaga

352 1611 400 1648 et
438 1602 635 1659 profuga
675 1617 816 1657 super
847 1607 1018 1645 terram
1050 1602 1236 1657 plorans
1274 1608 1323 1644 et
1354 1600 1534 1643 eiulans
1565 1599 1636 1642 ni-

352 1681 454 1737 mis,
489 1685 539 1723 et
559 1680 616 1723 ab
649 1693 702 1721 eo
734 1683 946 1734 tempore
969 1693 1066 1721 non
1089 1678 1253 1721 inveni
1273 1678 1355 1721 ubi
1377 1675 1634 1733 requiesce-

354 1763 429 1800 ret
459 1772 541 1813 pes
574 1770 718 1799 rneus.
764 1754 979 1808 Abraam‚
1002 1755 1134 1797 Isaac
1158 1761 1205 1798 et
1225 1754 1374 1798 Jacob
1396 1756 1444 1796 et
1465 1753 1633 1796 ceteris

357 1834 700 1890 accipientibus
730 1833 781 1875 in
812 1833 1122 1890 promissione
1154 1832 1347 1876 divitias
1383 1836 1432 1875 et
1461 1836 1633 1874 terram

356 1912 583 1955 fluentem
613 1912 685 1954 lac
717 1916 765 1954 et
797 1912 903 1967 mel,
947 1911 998 1953 in
1031 1910 1246 1953 omnibus
1283 1908 1390 1951 istis
1427 1906 1636 1964 requiem

358 1989 542 2046 quesivi
584 1994 633 2031 et
671 2003 765 2032 non
809 1987 983 2031 inveni.
1048 1987 1248 2032 Cherub.
1281 2001 1389 2029 cum
1418 1986 1633 2028 flammeo

357 2065 512 2124 gladio
543 2077 682 2122 atque
705 2065 927 2108 versabili
959 2069 1114 2108 stante
1146 2069 1255 2108 ante
1286 2063 1475 2106 ianuam
1507 2076 1636 2118 para-

354 2142 446 2186 disi
477 2142 779 2199 quoadusque
814 2142 998 2185 veniret
1030 2140 1287 2184 altissimus
1320 2140 1376 2183 de
1409 2139 1517 2182 sinu
1558 2154 1634 2195 pa-

356 2220 443 2263 tris
475 2220 556 2277 qui
586 2234 659 2262 me
690 2218 1043 2275 dignantissime
1074 2217 1334 2274 requisivit.
1401 2216 1491 2269 Qui
1530 2230 1635 2259 cum

354 2296 622 2354 adimpletis
663 2297 879 2340 omnibus
920 2311 1008 2352 que
1052 2294 1258 2338 edicistis
1299 2293 1450 2338 redire
1489 2294 1636 2337 vellet

356 2373 416 2417 ad
447 2379 628 2430 patrem
659 2388 792 2416 suum
824 2374 904 2430 qui
946 2373 1136 2415 miserat
1174 2387 1294 2426 eum,
1326 2370 1440 2415 fecit
1471 2370 1528 2414 de
1560 2384 1633 2413 me
