1702 2722
1333 136 1387 175 43

106 251 154 280 se
185 235 371 293 capiens
414 248 494 291 pre
536 232 692 276 letitia
728 230 854 287 oepit
890 227 1080 272 laudare
1129 228 1225 270 alta
1268 240 1384 270 voce

107 312 490 369 Omnipotentem
513 310 593 368 qui
624 323 721 352 non
753 305 1040 361 derelinquit
1072 306 1315 360 sperantes
1337 302 1387 344 in

109 405 157 434 se
189 389 350 434 dicens
377 413 432 419 -—
463 385 740 431 Benedicite
773 382 1014 427 dominum
1047 394 1208 424 omnes
1248 379 1383 422 electi

109 468 221 524 eius,
244 468 370 524 agite
394 464 493 509 dies
515 463 669 507 letitie
692 459 984 506 confitemini
1007 458 1051 501 ei
1084 462 1171 500 eto.
1219 457 1281 500 Et
1312 454 1388 498 de-

107 545 384 589 scendentes
401 541 457 586 de
480 543 640 585 monte
664 538 900 582 duxerunt
922 535 1159 580 dominam
1181 535 1388 589 Pauper-

108 626 254 666 tatem
285 619 343 664 ad
381 619 537 663 locum
572 617 624 659 in
663 629 754 672 quo
797 612 1064 664 manebant,
1109 610 1224 653 hora
1262 609 1387 651 enim

110 698 240 756 quasi
270 700 413 740 sexta.

197 775 263 818 Et
292 771 547 829 preparabis
570 769 786 814 omnibus
807 768 1063 823 coegerunt
1085 764 1215 807 illam
1238 777 1388 805 eome-

111 850 218 895 dere
241 865 412 894 secum.
475 848 542 892 At
561 848 662 904 ipsa
686 871 734 877 --
765 842 1028 898 Ostendite,
1052 841 1224 899 inquit,
1246 839 1391 883 michi

112 928 311 986 primum
329 926 593 978 oratorium,
611 924 883 974 claustrum,
901 920 1171 978 capitulum,
1194 917 1391 961 refecto-

114 1005 245 1059 rium,
278 1004 538 1061 ooquinam,
571 999 894 1045 dormitorium
927 1003 974 1042 et
1007 997 1258 1051 stabulum,
1291 995 1391 1052 pul-

114 1095 190 1124 cra
218 1079 398 1134 sedilia,
439 1077 668 1133 expolitas
699 1089 884 1119 mensas
917 1079 966 1117 et
998 1072 1157 1117 domos
1200 1073 1392 1114 immen-

113 1173 198 1202 sas.
263 1156 424 1201 Niohil
458 1155 584 1199 enim
615 1155 780 1198 horum
813 1151 953 1195 video
985 1150 1080 1192 nisi
1101 1148 1225 1206 quod
1250 1162 1391 1192 cerno

113 1250 196 1280 vos
217 1235 372 1292 ylares
395 1239 443 1278 et
463 1231 707 1284 mundos,
732 1227 1170 1286 superabundantes
1202 1226 1392 1284 gaudio,

114 1313 317 1370 repletos
339 1309 664 1355 consolatione
687 1322 740 1351 ao
762 1307 801 1350 si
823 1306 979 1349 omnia
1003 1304 1266 1361 expetentis
1289 1318 1393 1360 sup-

115 1389 215 1447 peti
246 1388 382 1432 vobis
406 1386 464 1430 ad
485 1394 661 1430 votum.
724 1384 825 1441 Ipsi
840 1381 1029 1440 quidem
1053 1381 1393 1438 respondentes

119 1464 340 1508 dixerunt
379 1488 424 1496 —
449 1463 652 1507 Domina
674 1466 723 1504 et
753 1460 919 1518 regina
950 1464 1125 1512 nostra,
1149 1472 1235 1501 nos
1268 1459 1394 1502 servi

121 1541 191 1585 tui
222 1555 279 1583 ex
309 1541 448 1597 longo
479 1539 649 1582 itinere
680 1537 868 1593 fatigati
898 1550 1071 1594 sumuS,
1105 1541 1155 1579 et
1184 1539 1237 1578 tu
1259 1535 1394 1579 nobi-

121 1632 249 1661 seum
271 1617 467 1660 veniens
499 1630 593 1660 non
615 1614 851 1658 modicum
872 1614 1108 1658 laborasti.
1174 1611 1396 1657 eomeda-

118 1710 222 1738 mus
254 1709 365 1752 ergo
396 1693 525 1751 prius
558 1694 597 1736 si
628 1693 760 1736 iubes
781 1696 830 1735 et
851 1692 916 1735 sio
939 1691 1194 1735 confortati
1225 1690 1283 1734 ad
1304 1707 1389 1734 nu-

117 1777 220 1815 tum
255 1777 385 1815 tuum
417 1771 574 1813 omnia
605 1770 875 1827 implebunt
914 1793 959 1802 --
983 1769 1149 1812 Placet
1169 1767 1293 1824 quod
1326 1767 1390 1811 di-

118 1848 238 1902 citis,
257 1848 337 1892 ait.
361 1847 451 1892 Sed
473 1849 567 1891 iam
589 1848 751 1891 afferte
775 1862 942 1903 aquam
960 1851 1013 1889 ut
1029 1861 1194 1889 manus
1212 1851 1395 1890 nostras

117 1927 325 1969 lavemus
357 1930 407 1968 et
439 1924 665 1968 sindones
698 1924 866 1982 quibus
898 1928 1135 1980 tergamus
1169 1938 1259 1967 eas,
1314 1923 1395 1965 Illi

118 2018 230 2048 vero
263 2003 486 2047 citissime
518 2004 798 2047 obtulerunt
820 2002 1026 2046 medium
1048 2001 1282 2058 quoddam
1306 2007 1394 2045 ter-

118 2096 249 2125 reum
280 2081 536 2134 vasculum,
571 2080 694 2138 quod
737 2079 998 2137 perfectum
1040 2095 1134 2124 non
1172 2085 1273 2123 erat
1314 2081 1396 2138 ibi,

120 2159 312 2215 plenum
343 2172 485 2215 aqua3
517 2165 565 2201 et
595 2163 851 2215 vergentes
873 2159 920 2200 in
942 2158 1158 2202 manibus
1191 2158 1293 2201 eius
1327 2173 1397 2201 re-

118 2234 343 2292 spiciebat
382 2234 473 2277 huo
503 2240 643 2291 atque
675 2235 791 2278 illue
823 2249 903 2290 pro
935 2234 1160 2279 sindone:
1194 2250 1397 2292 cumque

119 2325 217 2356 non
237 2310 498 2355 invenisset
530 2326 644 2368 eam,
666 2326 790 2355 unus
808 2312 984 2355 obtulit
1005 2312 1049 2354 ei
1071 2312 1282 2356 tunicam
1304 2327 1395 2369 qua

119 2387 312 2432 indutus
355 2394 454 2432 erat
495 2393 549 2432 ut
590 2403 696 2431 oum
739 2404 793 2432 ea
833 2394 1040 2445 tergeret
1082 2389 1174 2433 sibi
1216 2404 1395 2433 manus,
