1702 2722
351 89 404 126 34

351 175 714 233 predicabantur
743 174 875 229 foris,
911 180 1141 231 ponentes
1182 174 1379 229 gloriam
1418 189 1549 218 suam
1578 175 1630 218 in

349 268 426 296 ore
457 253 765 309 laudantium,
798 251 919 294 sicut
949 250 1083 295 fatue
1114 250 1322 307 virgines
1351 251 1403 294 in
1424 251 1630 295 venden-

347 330 475 373 tibus
498 331 654 374 oleum
675 336 725 373 et
745 329 1007 372 servientes
1030 328 1080 371 in
1102 334 1240 372 terra.
1274 329 1498 372 Homines
1520 343 1630 372 vero

349 409 430 465 qui
461 409 577 452 tales
609 422 686 452 eos
711 422 811 451 esse
835 406 1066 462 putabant
1087 406 1301 460 interius,
1324 405 1485 461 quales
1507 410 1632 449 exte-

350 485 446 529 rius
475 485 771 540 videbantur,
803 485 927 528 bona
957 498 1040 526 sua
1071 483 1276 526 libenter
1306 482 1563 526 offerebant
1582 482 1633 525 in

351 563 620 606 remissione
651 566 946 618 peccatorum
978 574 1179 604 suorum.
1214 560 1312 611 Que
1332 560 1383 602 in
1405 559 1633 616 principio
1681 597 1683 599 .

350 639 441 695 ipsi
462 639 596 682 velut
616 644 816 682 stercora
848 637 1004 681 omnia
1034 637 1317 692 reputabant
1348 635 1555 680 dieentes
1581 661 1628 667 —-

351 717 448 759 Nos
469 730 698 772 pauperes
729 728 888 757 sumus
910 718 960 756 et
981 727 1164 769 semper
1185 727 1283 755 esse
1305 711 1632 768 desideramus,

353 807 445 836 non
478 797 633 836 vestra
654 790 968 834 desideramus
990 789 1069 833 sed
1091 803 1188 832 vos.
1220 789 1457 832 Habentes
1477 795 1632 833 autem

352 870 579 914 alimenta
609 874 658 911 et
690 868 862 925 quibus
909 873 1139 922 tegamus,
1182 867 1273 909 hiis
1321 867 1534 909 contenti
1564 881 1635 910 su-

354 961 469 1004 muS‚
502 947 609 1002 quia
641 946 824 989 vanitas
855 945 1122 988 vanitatum
1161 949 1208 987 et
1239 944 1397 987 omnia
1437 944 1634 987 vanitas.

352 1026 610 1081 Propterea
652 1022 839 1066 devotio
879 1021 1122 1065 hominum
1154 1022 1204 1064 in
1237 1020 1305 1063 eis
1336 1019 1509 1064 cotidie
1541 1035 1635 1064 cre-

358 1100 516 1144 scebat
546 1099 710 1156 magis,
743 1098 810 1141 ita
841 1104 895 1141 ut
926 1097 1063 1141 multi
1111 1113 1266 1141 eorum
1314 1112 1509 1141 munera
1554 1113 1636 1141 sua

356 1178 512 1221 omnia
552 1177 708 1220 minus
749 1173 1000 1232 diligerent
1042 1190 1178 1232 quam
1213 1190 1239 1218 a
1268 1175 1443 1218 sanctis
1473 1174 1538 1217 sic
1569 1175 1637 1217 vi-

358 1255 535 1299 debant
566 1270 620 1298 ea
651 1253 937 1309 contempni.
990 1253 1180 1296 Interea
1210 1252 1294 1295 illa
1324 1251 1519 1294 barbara
1549 1252 1637 1294 ini-

357 1333 477 1376 mica
508 1347 611 1375 mea
642 1331 730 1374 hec
761 1328 928 1372 videns
959 1330 1085 1385 cepit
1106 1329 1411 1372 vehementer
1428 1328 1567 1371 irasci
1588 1334 1636 1371 et

355 1408 572 1453 frendere
605 1407 831 1451 dentibus
861 1406 956 1450 suis
987 1411 1035 1448 et
1067 1412 1195 1449 tacta
1217 1405 1375 1449 dolore
1398 1403 1550 1448 cordis
1571 1405 1637 1446 in-

357 1486 588 1529 trinsecus
610 1483 731 1527 dixit
768 1509 813 1515 —
850 1482 972 1534 Quid
993 1482 1191 1526 faciam?
1221 1497 1328 1525 ecce
1361 1487 1486 1524 totus
1507 1495 1638 1523 mun·

357 1563 441 1607 dus
472 1569 576 1619 post
607 1577 707 1606 eam
729 1561 858 1605 abiit.
914 1557 1173 1617 Assumam‚
1195 1559 1363 1616 inquit,
1387 1558 1528 1602 michi
1558 1573 1638 1602 no-

357 1654 464 1683 men
495 1638 795 1695 providentie
826 1643 875 1680 et
905 1638 1069 1693 loquar
1099 1635 1158 1679 ad
1180 1651 1259 1680 cor
1280 1650 1439 1679 eorum
1459 1636 1498 1678 si
1518 1634 1637 1678 forte

357 1715 553 1761 audiant
587 1720 634 1758 et
666 1715 924 1771 quiescant.
957 1715 1022 1757 Et
1053 1711 1166 1757 fecit
1197 1713 1262 1756 sic
1295 1712 1448 1756 verbis
1488 1711 1639 1755 humi-

358 1794 480 1837 libus
512 1792 670 1836 dicens
701 1791 758 1836 ad
793 1806 870 1835 eos
904 1817 959 1821 —
992 1789 1114 1841 Quid
1150 1790 1226 1833 hic
1265 1790 1398 1834 statis
1430 1793 1530 1833 tota
1561 1787 1637 1832 die

359 1869 514 1926 otiosi,
564 1868 711 1911 nichil
742 1868 792 1910 in
835 1872 1074 1923 posterum
1120 1864 1456 1922 providentes?
1518 1865 1638 1916 Quid

360 1948 569 1991 obeesset
599 1945 735 1989 vobis
766 1945 935 1988 habere
968 1943 1225 1987 necessaria
1255 1942 1355 1987 vite
1387 1941 1496 1986 dum
1518 1957 1545 1986 a
1566 1957 1639 1986 su-

359 2023 548 2081 perfluis
578 2021 808 2079 parcetis?
870 2021 990 2064 Cum
1010 2020 1138 2063 omni
1159 2020 1287 2062 enim
1307 2034 1421 2076 pace
1443 2026 1492 2063 et
1513 2019 1639 2076 quie-

361 2107 408 2145 te
439 2100 636 2157 possetis
668 2102 873 2142 vestram
906 2102 955 2141 et
985 2097 1193 2153 ipsorum
1225 2097 1402 2152 operari
1443 2096 1641 2140 salutem

361 2179 401 2221 si
431 2178 490 2221 ad
520 2182 684 2221 votum
715 2181 885 2220 cuncta
908 2178 1193 2231 supeterent‚
1218 2188 1307 2229 que
1338 2174 1472 2217 vobis
1493 2174 1640 2216 omni-

362 2270 424 2298 no
457 2253 727 2310 expediunt.
790 2253 916 2295 Dum
963 2256 1146 2306 tempus
1193 2250 1379 2293 habetis
1427 2249 1560 2293 vobis
1591 2253 1640 2292 et

361 2332 553 2390 posteris
583 2328 839 2386 providete,
873 2329 981 2384 quia
1011 2328 1227 2370 homines
1267 2327 1512 2371 retrahent
1546 2340 1640 2369 ma-
