1702 2722
392 90 446 129 50

394 179 544 222 tifices
576 186 624 223 et
645 181 809 237 loquar
830 184 919 227 eis:
942 184 1035 240 ipsi
1058 186 1182 228 enim
1204 195 1526 243 cognoverunt
1547 190 1672 234 viam

394 255 574 300 domini
606 264 653 301 et
683 258 910 303 iudicium
958 262 1048 305 Dei
1078 263 1163 316 sui,
1207 279 1349 320 quare
1379 264 1588 310 forsitam
1619 267 1670 310 hi

391 350 613 379 comunes
633 337 865 393 ignobiles
886 345 997 382 sunt
1018 347 1066 384 et
1088 342 1224 385 stulti
1256 342 1435 386 domini
1465 343 1537 386 sui
1557 345 1672 388 Jesu

392 414 608 458 semitam
641 415 928 471 ignorantes.
991 418 1073 461 Set
1105 424 1152 461 et
1183 419 1271 474 ipsi
1304 420 1548 476 pontifices
1591 420 1671 464 du-

390 492 488 534 rius
518 492 866 548 responderunt
898 494 1109 540 dicentes
1146 523 1195 529 —
1231 497 1442 549 Quonam
1482 503 1556 542 est
1585 498 1670 543 hec

391 569 606 613 doctrina
621 586 745 614 nova
763 587 901 628 quam
916 573 1063 616 infers
1081 575 1274 619 auribus
1293 577 1465 619 nostris
1481 578 1502 620 P
1554 577 1668 628 Quis

390 651 546 703 potest
594 648 756 691 vivere
803 649 904 692 sine
952 640 1278 706 possessione?
1338 653 1584 709 Numquid
1614 658 1667 698 tu

387 723 550 767 melior
583 740 632 767 es
664 740 804 781 quam
836 730 993 781 patres
1027 728 1177 770 nostri
1209 729 1292 785 qui
1325 729 1560 773 dederunt
1590 745 1670 774 no-

387 802 457 845 bis
490 803 763 856 temporalia
795 808 843 845 et
874 803 924 846 in
957 805 1294 860 temporalibus
1324 806 1665 864 habundantes,

387 880 608 922 ecclesias
640 880 977 936 possiderunt?
1040 882 1162 933 Quid
1194 890 1265 926 est
1286 883 1411 939 quod
1443 883 1558 927 dicit
1589 900 1666 929 no-

387 956 458 999 bis
491 956 724 1000 modicum
757 964 1031 1014 paupertas;
1057 960 1288 1002 nescimus
1308 959 1424 1016 quid
1443 961 1663 1016 loqueris.

474 1033 748 1078 Admiratus
787 1036 1067 1079 Franciscus
1107 1044 1154 1080 et
1195 1039 1486 1094 paupertatis
1528 1039 1666 1096 spiri-

388 1115 466 1154 tus
498 1112 657 1155 ebrius
699 1111 758 1156 ad
801 1113 1027 1156 orationis
1070 1113 1281 1158 studium
1324 1116 1565 1160 converti-t
1595 1131 1666 1160 so:

387 1188 514 1244 cepit
544 1188 763 1231 invocare
795 1189 962 1233 Jesum
994 1191 1279 1246 paupertatis
1309 1191 1585 1249 magistrum
1609 1216 1660 1225 —

389 1265 427 1309 O
460 1266 645 1309 domine
676 1267 806 1320 Jesu,
849 1267 929 1322 ait,
962 1267 1155 1311 ostende
1194 1268 1310 1311 mihi
1351 1269 1539 1313 semitas
1583 1275 1662 1313 tue

391 1341 688 1386 dilectissime
713 1345 1027 1400 Paupertatis.
1091 1345 1199 1388 Scio
1220 1346 1346 1389 enim
1367 1345 1492 1402 quod
1522 1350 1664 1390 testa-

386 1427 600 1463 mentum
631 1426 769 1464 vetus
800 1422 914 1465 novi
944 1422 1037 1465 fnit
1067 1423 1239 1479 figura:
1271 1422 1366 1466 illis
1396 1423 1662 1480 promisisti,

384 1498 493 1554 quia
523 1499 673 1541 omnis
705 1499 832 1541 locus
854 1514 993 1555 quem
1017 1499 1271 1544 calcaverit
1291 1514 1373 1555 pes
1405 1505 1564 1543 vester
1586 1515 1664 1543 ve-

381 1581 477 1619 ster
497 1576 604 1629 erit,
626 1577 802 1619 calcare
824 1582 894 1620 est
913 1583 1228 1620 contemnere:
1242 1582 1488 1633 paupertas
1505 1578 1663 1621 omnia

385 1654 547 1709 calcat,
581 1667 692 1710 ergo
735 1653 946 1696 omnium
988 1658 1061 1695 est
1101 1653 1278 1710 regina.
1342 1653 1434 1697 Sed
1478 1652 1662 1697 domine

383 1732 461 1786 mi,
492 1731 570 1788 pie
600 1732 634 1775 J
635 1746 730 1787 esu,
761 1731 980 1774 miserere
1021 1730 1114 1773 mei
1143 1736 1193 1774 et
1233 1729 1419 1774 domine
1459 1731 1660 1786 Pauper-

383 1811 510 1854 tatis.
573 1810 693 1852 Nam
724 1814 773 1852 et
805 1824 890 1865 ego
923 1809 1024 1853 eius
1055 1823 1208 1852 amore
1240 1808 1419 1864 anxior,
1450 1821 1539 1850 neo
1560 1807 1660 1850 sine

381 1889 481 1946 ipsa
520 1888 808 1944 requiescere
850 1900 1052 1943 possum,
1095 1885 1298 1929 Domine
1338 1883 1403 1927 mi
1447 1888 1502 1927 tu
1534 1884 1661 1927 nosti

384 1966 465 2023 qui
496 1981 568 2008 me
603 1964 659 2007 de
691 1964 782 2007 ista
803 1963 1103 2019 inamorasti3
1138 1961 1219 2006 sed
1250 1967 1298 2005 et
1327 1961 1428 2018 ipsa
1460 1960 1592 2005 sedet
1611 1962 1662 2003 in

381 2043 576 2087 tristitia
605 2043 664 2087 ab
686 2043 903 2087 omnibus
925 2042 1127 2098 repulsa,
1149 2040 1276 2085 facta
1305 2045 1375 2084 est
1406 2040 1540 2097 quasi
1562 2053 1661 2083 mu-

381 2121 468 2164 lier
497 2120 641 2165 vidua
672 2120 862 2165 domina
889 2120 1115 2176 gentium,
1150 2117 1259 2162 vilis
1291 2123 1339 2162 et
1381 2117 1661 2174 contempti-

380 2199 487 2243 bilis
518 2198 630 2243 dum
662 2199 870 2242 omnium
900 2197 1064 2254 regina
1105 2195 1349 2249 virtutum,
1383 2199 1432 2238 et
1461 2208 1660 2251 conque—

387 2277 504 2321 ritur
532 2277 700 2320 sedens
743 2277 795 2319 in
826 2274 1122 2332 sterquilinio
1163 2272 1291 2330 quod
1331 2285 1490 2317 omnes
1518 2270 1658 2315 amici

384 2355 482 2399 eius
511 2359 791 2411 spreverunt
821 2368 923 2397 eam
955 2358 1003 2397 et
1043 2351 1159 2396 facti
1188 2355 1303 2395 sunt
1333 2351 1435 2394 eius
1476 2347 1657 2392 inimici
