1702 2722
363 103 416 140 46

363 206 449 248 ego
471 190 751 235 nesciebam.
814 192 938 234 Ecce
962 190 1084 248 quod
1106 192 1353 248 concupivi
1373 192 1466 236 iam
1489 191 1640 250 video,

364 267 487 325 quod
518 267 782 312 desideravi
812 268 906 311 iam
939 273 1090 322 teneo,
1114 268 1222 325 quia
1241 267 1339 311 illis
1359 284 1464 313 sum
1481 268 1643 314 iuncta

362 346 413 388 in
449 345 586 388 terris
626 345 707 401 qui
738 345 881 389 michi
914 345 1181 403 ymaginem
1211 350 1502 401 representat
1541 347 1642 391 eius

362 424 439 467 cui
459 438 560 466 sum
581 423 856 480 desponsata
877 424 930 466 in
952 424 1075 467 celis.
1137 423 1396 467 Benedicat
1418 423 1638 469 dominus

361 499 627 544 fortitudini
658 506 818 544 vestre
850 505 901 544 et
933 515 1070 555 opera
1112 515 1335 543 manuum
1378 504 1642 545 vestrarum

361 580 595 636 suscipiat.
657 581 791 635 Rogo
828 585 875 623 et
917 579 1119 622 multum
1161 578 1384 635 deprecor
1423 592 1506 622 vos
1540 585 1639 622 tan-

363 674 501 715 quam
533 659 652 701 filios
674 657 940 700 karissimos
961 661 1016 699 ut
1038 657 1346 712 perseveretis
1367 657 1417 700 in
1439 656 1531 700 hiis
1553 671 1642 713 que

365 735 534 790 spiritu
575 740 736 778 sancto
771 732 968 777 docente
1001 733 1206 790 cepistis,
1237 747 1332 777 non
1375 733 1644 777 deserentes

364 810 699 868 perfectionem
722 814 927 853 vestram
944 809 1067 852 sicut
1083 814 1155 852 est
1172 808 1526 853 consuetudinis
1544 809 1643 866 qui-

364 887 571 940 busdam,
606 885 686 929 sed
730 885 880 930 evasis
910 886 1092 929 cunctis
1134 885 1312 942 laqueis
1342 887 1644 930 tenebrarum

368 981 550 1022 semper
590 964 650 1008 ad
691 962 971 1020 perfectiora
1011 963 1235 1007 nitimini.
1297 962 1545 1006 Altissima
1574 966 1645 1006 est

367 1041 591 1097 perfectio
614 1046 769 1085 vestra
800 1055 938 1097 super
970 1041 1218 1094 hominem,
1250 1055 1387 1097 super
1403 1041 1644 1097 virtutem,

369 1124 417 1162 et
439 1119 742 1175 antiquorum
765 1117 1103 1175 perfectionem
1125 1119 1335 1162 illustrat
1355 1118 1534 1162 lumine
1554 1118 1645 1162 cla-

369 1196 495 1238 riori.
558 1196 631 1239 De
671 1195 809 1251 regni
849 1197 1056 1238 celorum
1099 1195 1387 1252 possessione
1427 1195 1558 1238 nulla
1588 1195 1650 1238 sit

367 1274 608 1316 cunctatio
629 1272 762 1316 vobis
783 1272 891 1328 quia
911 1287 1059 1316 arram
1082 1271 1241 1316 future
1262 1271 1538 1315 hereditatis
1556 1271 1649 1315 iam

364 1351 539 1393 tenetis
561 1355 610 1392 et
631 1350 801 1406 pignus
823 1349 1018 1405 spiritus
1040 1349 1133 1393 iam
1155 1348 1437 1406 suscepistis,
1470 1347 1645 1406 signati

364 1427 601 1483 signaculo
634 1425 781 1482 glorie
805 1425 992 1480 Christi,
1027 1425 1362 1482 respondentes
1382 1439 1468 1482 per
1490 1424 1646 1468 omnia

367 1504 518 1560 gratia
549 1519 631 1547 sua
661 1503 744 1547 ille
765 1503 915 1560 prime
946 1518 1027 1546 sue
1059 1503 1184 1546 scole
1217 1517 1355 1559 quam
1385 1502 1437 1545 in
1469 1500 1646 1546 mundo

369 1581 563 1625 veniens
594 1581 916 1637 congregavit.
981 1578 1116 1631 Quod
1156 1579 1284 1622 enim
1325 1579 1400 1622 illi
1430 1578 1645 1622 fecerunt

365 1659 416 1701 in
446 1660 682 1715 presentia
713 1658 812 1702 eius
843 1659 930 1702 hoc
952 1673 1035 1702 vos
1057 1663 1211 1702 totum
1230 1658 1283 1701 in
1305 1656 1518 1701 absentia
1539 1671 1642 1713 ope·

366 1736 457 1780 rari
478 1736 682 1791 cepistis,
707 1741 755 1780 et
775 1750 870 1780 non
892 1739 964 1779 est
981 1735 1107 1792 quod
1129 1734 1186 1778 de
1216 1751 1266 1779 re
1297 1734 1454 1791 aliqua
1486 1747 1643 1778 verea-

367 1813 495 1857 mini.
538 1814 660 1856 Ecce
676 1827 759 1855 nos
774 1813 1048 1870 reliquimus
1066 1812 1223 1856 omnia
1243 1816 1294 1856 et
1313 1810 1465 1855 secuti
1485 1824 1643 1853 sumus

367 1895 426 1933 te.
489 1890 595 1932 Non
629 1889 866 1934 deterreat
887 1905 972 1934 vos
993 1888 1272 1946 magnitudo
1304 1886 1572 1932 certaminis
1595 1891 1643 1931 et

368 1968 538 2011 laboris
568 1968 870 2023 immensitas,
890 1954 1012 2025 'quia
1044 1980 1260 2023 magnam
1290 1965 1474 2008 habetis
1493 1977 1645 2007 remu-

367 2045 670 2089 nerationem.
733 2047 798 2089 Et
828 2044 1103 2101 aspicientes
1135 2042 1185 2085 in
1215 2046 1428 2086 autorem
1459 2045 1508 2084 et
1538 2053 1644 2083 con-

368 2126 651 2165 servatorem
673 2121 880 2164 omnium
910 2121 1143 2163 bonorum
1175 2118 1416 2162 dominum
1445 2117 1644 2162 Jhesum

369 2198 610 2241 Christum
631 2198 711 2254 qui
733 2197 970 2254 proposito
991 2197 1082 2240 sibi
1102 2195 1272 2253 gaudio
1294 2195 1524 2239 sustinuit
1545 2207 1642 2237 cru-

367 2289 481 2330 cem,
514 2273 784 2317 confusione
827 2277 1100 2328 contempta
1137 2277 1296 2316 tenete
1339 2271 1442 2328 spei
1479 2273 1638 2314 vestre

365 2349 704 2394 confessionem
752 2349 1151 2393 indeclinabilem.
1215 2348 1399 2393 Currite
1446 2361 1526 2404 per
1563 2360 1641 2402 pa-
