1702 2722
1310 114 1364 159 33

73 210 195 271 ipsos
217 211 499 256 excedentes
521 211 573 254 in
594 211 1006 268 contemplatione,
1030 218 1364 267 contempnen-

75 295 146 335 tes
178 289 333 332 omnia
365 303 455 346 que
488 292 676 331 terrena
707 293 854 331 erant.
891 288 1025 330 Tunc
1049 289 1257 344 precepit
1277 289 1364 332 mi-

76 366 154 411 chi
184 371 364 410 creator
395 366 602 410 omnium
634 370 683 408 et
713 365 793 420 qui
815 365 996 408 creavit
1017 380 1089 407 me
1113 364 1283 410 dicens.
1310 391 1359 397 —

75 444 134 487 In
164 443 312 488 Jacob
343 443 558 486 inhabita
589 446 637 485 et
666 442 717 484 in
747 441 897 485 Israel
938 441 1200 485 hereditare
1234 447 1281 485 et
1313 443 1362 485 in

76 521 238 566 electis
268 520 383 564 meis
414 520 554 564 micte
584 518 777 564 radices.
811 521 913 575 Ego
946 534 1056 563 vero
1088 519 1174 562 hec
1207 519 1363 564 omnia

76 597 434 656 diligentissime
467 596 709 640 faciebam.
745 597 956 653 Cumque
988 596 1054 639 sic
1087 611 1233 639 essem
1255 611 1363 640 cum

76 677 142 721 eis
174 681 221 720 et
252 674 330 719 via
351 676 482 731 regia
505 672 770 717 incederem
792 673 984 730 penitus
1006 673 1244 717 habebant
1265 687 1365 730 pro-

74 752 178 812 pter
209 750 281 797 me
314 753 582 797 claritatem
629 751 687 795 ad
735 752 896 796 turbas
936 756 985 795 et
1014 752 1063 794 in
1105 756 1363 808 conspectu

75 831 338 891 potentium
380 829 680 875 admirabiles
722 831 867 873 erant.
900 829 1274 873 Honorabantur
1304 829 1362 872 ab

76 909 346 954 hominibus
379 913 427 952 et
459 907 877 951 sanctificabantur
909 906 967 950 ab
1000 907 1079 949 eis.
1126 907 1363 963 Geperunt

76 987 167 1042 ipsi
197 985 394 1029 moleste
425 983 545 1028 ferre
567 983 829 1028 sanctitatis
851 998 1023 1026 nomen
1046 989 1095 1027 et
1115 982 1361 1026 recordan-

80 1068 148 1107 tes
165 1061 287 1119 quod
304 1061 425 1106 dixit
443 1062 565 1105 filius
582 1061 671 1104 Dei
697 1086 746 1092 —
774 1060 985 1105 Gloriam
1006 1061 1064 1104 ab
1094 1060 1364 1103 hominibus

79 1154 175 1184 11011
205 1138 390 1197 recipio,
413 1139 619 1183 oblatam
640 1138 838 1196 gloriam
859 1138 1048 1194 penitus
1069 1138 1360 1182 recusabant.

77 1212 445 1262 Ambulantibus
479 1231 588 1260 vero
618 1216 732 1273 ipsis
764 1217 814 1260 in
847 1221 982 1260 tanto
1014 1215 1199 1260 fervore
1243 1215 1360 1259 dile-

77 1287 245 1336 ctiOnis
277 1292 466 1350 Christi,
490 1293 706 1337 Avaritia
728 1309 900 1337 nomen
922 1292 1214 1336 discretionis
1236 1308 1361 1336 assu-

74 1381 203 1414 mens
233 1370 359 1426 cepit
391 1369 544 1414 dicere
575 1370 632 1413 ad
663 1369 769 1414 illos
804 1397 854 1402 —
889 1369 1050 1415 Nolite
1082 1370 1148 1413 sic
1178 1384 1264 1413 vos
1301 1369 1361 1413 ri-

73 1447 204 1505 gidos
234 1446 481 1491 ostendere
513 1447 781 1492 hominibus
815 1463 901 1491 nec
935 1447 1159 1491 honorem
1201 1461 1360 1490 eorum

72 1525 137 1568 sic
168 1521 515 1582 contempnatis
548 1524 627 1568 sed
661 1524 900 1568 ostendite
933 1539 1017 1568 vos
1050 1524 1262 1568 affabiles
1294 1524 1361 1567 eis

74 1604 123 1645 et
154 1600 358 1646 oblatam
391 1598 587 1658 gloriam
618 1601 767 1645 nolite
792 1601 998 1645 exterius
1023 1615 1254 1657 respuere,
1278 1600 1360 1644 sed

71 1678 261 1721 interim
291 1677 340 1721 id
370 1693 658 1735 summopere
680 1678 837 1723 facite.
883 1680 1071 1723 Bonum
1094 1683 1165 1722 est
1186 1679 1359 1722 habere

71 1755 300 1800 amicitias
315 1770 492 1813 regum,
513 1755 705 1799 notitias
720 1756 997 1814 principum,
1015 1756 1358 1800 familiaritates

74 1836 413 1890 magnatorum,
446 1833 556 1889 quia
587 1831 696 1876 dum
729 1833 818 1889 ipsi
851 1833 916 1876 sic
950 1848 1033 1877 vos
1054 1833 1290 1878 honorant
1311 1838 1360 1877 et

75 1914 372 1965 venerantur,
405 1908 517 1952 dum
549 1909 615 1952 sic
647 1909 782 1952 vobis
824 1915 1073 1966 assurgunt
1117 1916 1164 1953 et
1205 1924 1359 1954 occur-

73 1989 185 2030 runt
217 1985 351 2030 multi
372 1985 429 2030 ad
452 2000 613 2029 eorum
638 1987 903 2042 exemplum
936 1987 1016 2044 qui
1038 1987 1126 2029 hoc
1149 1984 1360 2030 viderint

73 2061 130 2107 ad
162 2063 314 2106 Deum
344 2061 528 2106 facilius
570 2067 926 2107 convertuntur.
989 2063 1085 2120 Ipsi
1132 2078 1242 2107 vero
1291 2065 1360 2108 vi-

75 2139 240 2185 dentes
271 2139 542 2198 profectum,
576 2146 943 2198 acceptaverunt
985 2141 1245 2195 consilium,
1278 2141 1359 2185 sed

74 2231 167 2262 11011
199 2216 520 2260 custodientes
552 2213 624 2261 me
648 2233 675 2261 a
695 2219 860 2276 laqueo
894 2219 1043 2274 posito
1067 2218 1197 2262 iuxta
1218 2219 1358 2272 viam,

74 2295 269 2353 gloriam
303 2299 351 2336 et
383 2295 606 2338 honorem
638 2295 823 2338 demum
845 2295 1101 2352 amplexati
1124 2300 1235 2339 sunt
1256 2299 1358 2339 toto

75 2370 222 2416 corde.
258 2371 393 2414 Tales
425 2385 473 2413 se
508 2369 604 2414 fore
645 2371 774 2414 intus
818 2371 1154 2415 existimabant
1196 2372 1358 2427 quales

214 2464 285 2493 342
305 2479 339 2485 -—
363 2464 515 2499 Opust-oli
534 2464 712 2494 dantenchi.
