1702 2722
284 107 336 146 14

284 197 486 239 virtutes
517 196 569 239 in
590 194 896 252 promissione
918 193 1164 249 capiuntur
1183 192 1241 235 ab
1271 192 1372 248 ipso
1393 191 1480 236 hec
1501 191 1557 235 de

283 276 381 332 ipso
413 276 510 319 sine
543 274 770 319 dilatione
802 274 959 331 aliqua
988 271 1259 316 investitur.
1309 271 1461 328 Beati,
1492 271 1561 314 in-

285 353 402 410 quit,
450 366 678 410 pauperes
726 351 897 408 spiritu
944 350 1164 407 quoniam
1195 353 1459 393 vestrorum
1489 351 1562 391 est

284 445 484 487 regnum
531 430 751 473 celorum.
824 428 981 484 Digne
1029 441 1216 484 prorsus
1263 430 1335 469 est
1363 439 1561 481 regnum

286 513 493 551 cetorum
516 507 595 563 qui
626 505 773 548 nichil
791 503 1000 561 possidet
1021 503 1077 547 de
1099 503 1297 547 terrenis
1317 502 1562 546 voluntate

286 584 470 640 propria
500 583 732 640 spirituali
752 582 1020 626 intentione
1054 586 1102 625 et
1134 580 1362 625 desiderio
1384 585 1562 624 eterno-

286 676 401 704 rum.
465 660 613 703 Vivat
635 674 827 702 necesse
850 664 921 702 est
942 658 998 701 de
1020 657 1272 701 celestibus
1291 658 1373 715 qui
1395 656 1451 700 de
1474 662 1564 701 ter-

287 738 411 780 renis
442 751 538 780 non
570 740 703 779 curat
736 741 784 778 et
816 735 976 779 dulces
1007 734 1149 777 micas
1179 749 1269 791 que
1300 733 1474 778 cadunt
1505 732 1563 777 de

289 829 449 857 mensa
480 814 753 870 angelorum
792 818 1059 856 sanctorum
1102 812 1153 854 in
1185 811 1391 868 presenti
1422 811 1563 855 exilio

290 891 417 934 felici
448 891 603 947 palato
637 889 871 943 deglutiat
908 889 989 945 qui
1019 888 1220 932 terrenis
1253 888 1469 932 omnibus
1497 902 1565 931 re-

289 968 513 1011 nuntians
559 967 716 1010 omnia
746 966 880 1010 velut
920 970 1121 1009 stercora
1165 969 1356 1021 reputat
1401 969 1456 1008 ut
1484 979 1567 1021 gu-

293 1050 417 1087 stare
449 1048 683 1087 mereatur
713 1057 853 1099 quam
886 1041 1033 1085 dulcis
1065 1047 1115 1084 et
1143 1041 1300 1085 suavis
1321 1046 1395 1084 est
1425 1040 1565 1084 domi-

291 1137 392 1164 nus.
456 1121 554 1171 Que
596 1135 708 1163 vera
748 1118 883 1175 regni
914 1119 1121 1162 celorum
1161 1117 1379 1162 inventio
1411 1123 1479 1161 est
1520 1123 1569 1161 et

291 1203 448 1242 eterne
481 1196 778 1252 possessionis
809 1197 858 1238 in
892 1194 1054 1239 eodem
1084 1210 1228 1251 regno
1260 1195 1484 1239 securitas
1515 1211 1567 1239 ac

289 1273 447 1318 future
480 1272 765 1317 beatitudini
801 1272 998 1330 quedam
1029 1273 1276 1330 prelibatio
1306 1278 1478 1317 sancta.

381 1352 637 1406 Propterea
676 1350 846 1394 beatus
876 1349 1148 1394 Franciscus
1179 1355 1402 1407 tanquam
1432 1366 1569 1395 verus

291 1427 501 1471 imitator
531 1433 580 1471 et
611 1427 864 1484 discipulus
895 1427 1136 1470 salvatoris
1169 1442 1229 1471 ex
1249 1428 1570 1472 conversionis

293 1520 373 1548 sue
405 1505 637 1561 principio
671 1503 729 1548 ad
771 1510 982 1548 sanctam
1013 1508 1335 1561 paupertatem
1375 1520 1571 1562 queren-

295 1581 401 1624 dam
431 1580 768 1624 inveniendam
798 1585 939 1637 atque
971 1580 1224 1624 tenendam
1255 1582 1383 1625 omm'
1414 1581 1571 1626 studio

295 1657 421 1700 omni
453 1656 681 1700 desiderio
713 1657 839 1700 omni
882 1656 1224 1701 deliberatione
1255 1673 1304 1701 se
1335 1656 1478 1716 dedit,
1501 1658 1571 1701 nil

297 1734 517 1778 dubitans
538 1734 734 1788 adversi,
758 1734 828 1777 nil
850 1734 1029 1778 sinistri
1060 1734 1232 1779 timens
1263 1735 1449 1778 nullum
1469 1734 1573 1779 sub-

296 1811 560 1869 terfugiens
608 1812 828 1868 laborem,
875 1812 1055 1855 nullam
1088 1812 1290 1869 corporis
1331 1811 1573 1856 declinans

296 1889 575 1945 angustiam,
594 1889 634 1931 si
666 1887 860 1931 tandem
890 1887 979 1931 sibi
1011 1889 1137 1945 optio
1170 1889 1359 1932 daretur
1389 1894 1444 1932 ut
1475 1903 1574 1945 pos-

297 1970 368 2007 set
399 1965 646 2020 pervenire
679 1964 738 2008 ad
770 1979 870 2008 eam
902 1965 980 2007 cui
1013 1963 1228 2008 dominus
1257 1965 1453 2009 tradidit
1483 1967 1575 2010 ela-

299 2055 382 2084 ves
413 2042 546 2096 regni
579 2042 797 2084 celorum.
865 2043 1003 2098 Cepit
1035 2041 1198 2085 sedule
1215 2043 1347 2087 velut
1368 2042 1575 2087 curiosus

298 2118 564 2174 explorator
595 2117 790 2161 circuire
823 2118 950 2162 vicos
981 2124 1030 2162 et
1061 2120 1241 2175 plateas
1273 2119 1479 2164 civitatis
1512 2118 1575 2162 di-

298 2194 503 2251 ligenter
525 2209 723 2251 querens
745 2209 884 2251 quem
902 2194 1059 2251 diligit
1080 2196 1235 2239 anima
1264 2210 1359 2240 sua.
1422 2197 1576 2241 Inter·

298 2271 492 2328 rogabat
514 2276 705 2328 stantes,
748 2273 1143 2327 percunctabatur
1173 2273 1482 2318 advenientes
1512 2274 1578 2318 sic

300 2346 459 2390 dicens
493 2372 543 2380 -—
569 2347 693 2391 Num
711 2363 848 2402 quam
867 2348 1024 2405 diligit
1055 2350 1211 2393 anima
1227 2365 1331 2394 mea
1361 2349 1578 2396 vidistis?
