1702 2722
366 115 416 154 16

358 204 643 260 probatione,
681 207 753 246 set
785 202 844 246 da
874 202 1016 246 michi
1043 208 1177 246 tuam
1207 204 1405 260 gratiam
1426 205 1641 249 invenire

361 281 483 341 quod
516 294 657 338 quero
690 280 799 337 quia
824 294 998 324 servus
1034 285 1151 324 'tuus
1183 295 1285 324 sum
1320 285 1370 325 et
1400 280 1535 326 'filius
1565 298 1640 326 an-

361 359 470 403 cille
502 364 596 403 tue.

444 437 678 494 Egressus
715 435 887 492 ‘itaque
944 434 1003 478 de
1051 436 1243 480 civitate
1298 436 1458 480 beatus
1492 436 1644 480 ‘Fran-

361 513 512 556 ciscus
554 512 739 556 concito
779 512 928 569 gradu
971 513 1105 556 venit
1133 512 1204 557 ‘ad
1248 513 1494 570 quemdam
1525 530 1644 560 cam-

363 605 487 647 pum,
520 590 571 633 in
603 604 692 646 quo
714 587 931 644 de'longe
955 588 1244 645 prospiciens
1276 588 1399 633 vidit
1429 587 1545 634 duos
1577 606 1644 634 se-

363 681 448 710 nes
501 665 717 709 seflentes
757 666 890 721 gravi
932 679 1110 708 merore
1156 665 1409 724 confectos,
1448 681 1643 724 quorum

365 756 486 787 unus
517 743 586 785 sic
611 743 911 799 loquebatur.
937 768 992 772 —
1015 741 1091 785 Ad
1116 757 1252 798 quem
1276 743 1528 800 *respiciam
1551 745 1642 788 nisi

364 820 420 864 ad
453 821 784 878 pauperculum
816 823 864 863 et
887 819 1138 864 contritum
1172 818 1342 876 spiritu
1373 825 1421 863 et
1444 829 1643 865 tremen-

364 904 460 942 tem
486 911 726 941 sermones
749 898 906 941 meos?
966 895 1030 939 Et
1061 895 1182 940 alius
1205 895 1248 939 ei
1279 895 1464 940 dicebat
1485 923 1543 928 —
1562 898 1642 942 Ni-

362 976 457 1019 c'hil
488 975 736 1018 intulimus
771 974 819 1016 in
857 974 981 1016 hunc
1022 973 1266 1029 mundum⁷
1298 971 1422 1017 haud
1453 973 1646 1018 dubium

368 1053 478 1109 quia
508 1067 594 1095 nec
625 1051 806 1095 auferre
831 1050 943 1107 quid
975 1065 1235 1107 possumus.
1299 1051 1540 1095 Habentes
1571 1066 1647 1095 au-

364 1137 460 1174 tem
492 1130 715 1172 alimenta
757 1131 809 1171 *et
853 1128 1018 1184 quibus
1054 1131 1267 1184 tegamus
1300 1127 1392 1171 hiis
1436 1129 1648 1172 contenti

367 1222 539 1250 sumus.
604 1206 813 1261 Cumque
844 1205 1142 1261 pervenisset
1173 1205 1335 1248 beatus
1368 1205 1645 1248 Franciscus

367 1283 426 1327 ad
458 1298 536 1327 eos
570 1283 691 1326 dixit
723 1283 790 1325 eis
822 1308 878 1313 —
899 1281 1116 1326 Iudicate
1148 1280 1302 1339 michi,
1336 1282 1541 1339 obsecro,
1565 1282 1648 1325 ubi

368 1361 556 1404 domina
586 1362 843 1417 Paupertas
874 1359 1057 1403 habitet
1088 1358 1170 1403 ubi
1196 1362 1362 1414 'pascat
1391 1359 1474 1401 ubi
1500 1358 1647 1401 *cubet

362 1441 414 1483 in
445 1439 639 1483 meridie
688 1439 909 1496 quoniam
942 1438 1067 1480 enim
1110 1451 1265 1480 amore
1306 1438 1518 1492 langueo,
1579 1434 1647 1479 At

363 1517 433 1559 illi
455 1515 795 1572 respondentes
821 1513 1042 1557 dixerunt
1066 1538 1120 1543 —
1142 1514 1274 1557 Bone
1295 1512 1440 1557 frater
1461 1527 1547 1556 nos
1568 1512 1646 1556 hic

366 1592 658 1637 consedimus
690 1607 774 1649 per
794 1597 979 1648 tempus
1013 1596 1061 1634 et
1082 1593 1293 1646 tempora
1322 1593 1372 1633 et
1404 1588 1647 1633 dimidium

367 1670 603 1728 temporis,
647 1675 695 1714 et
736 1668 1008 1725 frequenter
1048 1667 1252 1711 vidimus
1303 1682 1404 1712 eam
1449 1667 1645 1710 transire

369 1764 510 1806 quum
543 1748 699 1805 plures
732 1747 989 1804 querebant
1021 1761 1136 1789 eam.
1168 1745 1318 1789 Multi
1346 1743 1535 1801 quidem
1575 1757 1646 1786 co-

370 1826 656 1869 mitabantur
686 1839 801 1876 eam,
835 1823 916 1867 sed
961 1838 1070 1879 sepe
1103 1823 1202 1866 sola
1245 1821 1570 1865 revertebatur
1601 1828 1648 1863 et

369 1901 493 1946 nuda
509 1901 652 1945 nullis
670 1905 834 1944 ornata
849 1901 1104 1943 monilibus
1123 1898 1265 1941 nullis
1281 1896 1494 1940 decorata
1511 1896 1648 1939 comi-

371 1980 496 2024 tibus
529 1979 672 2022 nullis
705 1979 917 2022 vestibus
961 1976 1258 2020 circumdata.
1321 1974 1492 2018 Flebat
1524 1973 1648 2016 enim

370 2057 651 2101 amarissime
699 2060 839 2111 atque
872 2054 1057 2097 dicebat
1102 2078 1150 2084 —
1192 2051 1306 2095 Filii
1347 2050 1507 2093 matris
1546 2064 1646 2092 mee

369 2142 696 2193 pugnaverunt
730 2137 891 2176 contra
914 2146 1000 2176 me.
1067 2130 1130 2174 Et
1162 2144 1246 2173 nos
1290 2127 1557 2172 dicebamus
1590 2125 1646 2169 ad

374 2229 474 2257 eam
496 2240 543 2245 —
565 2211 847 2255 Patientiam
870 2209 987 2252 habe
1006 2208 1226 2266 quoniam
1242 2206 1359 2250 recti
1377 2204 1579 2262 diligunt
1599 2207 1647 2246 te

373 2294 438 2336 Et
468 2305 606 2343 nunc,
640 2305 666 2333 o
698 2289 856 2341 frater,
889 2285 1088 2331 ascende
1120 2287 1169 2329 in
1193 2290 1399 2328 montem
1430 2294 1647 2338 magnum

377 2374 424 2412 et
465 2369 613 2412 altum
653 2366 735 2409 ubi
780 2364 1028 2409 constituit
1075 2363 1117 2406 ei
1166 2362 1392 2406 dominus.
1455 2358 1649 2403 Habitat
