1702 2722
367 113 420 150 24

368 217 460 259 qua
489 201 602 245 satis
635 207 685 245 et
717 201 896 245 dierum
930 216 1125 244 numero
1158 202 1297 256 plena
1316 202 1467 245 sciens
1490 217 1645 246 rerum

370 277 697 333 dispositiones
737 284 1054 320 creaturarum
1096 277 1346 320 varietates
1383 282 1645 334 temporum

367 355 722 398 mutabilitates.
774 355 896 398 Novi
914 355 1240 398 fluctuationes
1273 354 1424 398 cordis
1455 355 1645 399 humani

366 431 537 487 partim
568 431 862 487 experientia
894 436 1168 488 temporum,
1193 432 1364 487 partim
1385 431 1639 476 subtilitate

368 514 546 562 nature,
580 509 749 564 partim
771 509 921 566 gratie
945 507 1190 564 dignitate.
1227 508 1319 551 Fui
1339 507 1527 564 quidem
1546 507 1643 564 ipsa

367 584 419 627 in
458 585 670 641 paradiso
711 585 796 628 Dei
841 585 922 627 ubi
964 589 1063 627 erat
1102 585 1240 633 homo
1272 584 1439 639 nudus,
1472 585 1566 628 imo
1595 584 1640 627 in

368 662 556 706 homine
602 667 651 706 et
698 678 811 705 cum
842 662 1030 705 homine
1070 662 1197 705 nudo
1237 662 1540 706 deambulans
1580 667 1640 704 to-

369 746 464 784 tam
495 741 627 783 illam
668 740 922 797 spatiosam
963 739 1240 795 paradisum,
1281 740 1428 782 nichil
1461 742 1639 792 timens,

368 817 516 860 nichil
549 817 786 870 dubitans,
821 824 868 860 et
900 818 1048 860 nichil
1069 817 1253 861 adversi
1273 819 1526 874 suspicans.
1557 819 1644 862 Pu-

369 896 526 939 tabam
548 910 652 937 cum
684 911 738 939 eo
761 910 860 938 esse
883 895 933 937 in
964 894 1315 951 sempiternum,
1340 894 1556 951 quoniam
1575 894 1642 936 iu-

369 978 468 1014 stus
505 972 657 1015 bonus
698 974 880 1028 sapiens
911 973 969 1015 ab
1011 972 1238 1015 altissimo
1277 977 1347 1015 est
1386 977 1566 1015 creatus
1598 975 1646 1013 et

368 1049 550 1105 positus
572 1050 622 1092 in
644 1050 938 1093 amenissimo
961 1054 1009 1091 et
1030 1049 1308 1104 pulcerrimo
1332 1050 1447 1091 loco.
1507 1049 1645 1092 Eram

370 1126 580 1184 gaudens
611 1127 753 1170 nimis
797 1132 844 1168 et
887 1126 1055 1169 ludens
1103 1141 1256 1169 coram
1289 1140 1343 1168 eo
1374 1124 1501 1167 omni
1535 1130 1645 1167 tem-

369 1219 495 1261 pore.
539 1205 649 1260 quia
690 1203 839 1246 nichil
885 1203 1182 1259 proprietatis
1224 1202 1400 1245 habens
1433 1206 1559 1244 totus
1590 1198 1647 1243 de

370 1282 470 1324 Deo
513 1287 624 1324 erat.
667 1281 763 1335 Set,
807 1282 909 1334 hen,
953 1280 1098 1336 subijt
1138 1279 1434 1336 inopinatum
1475 1279 1647 1321 malum

369 1358 427 1400 ab
457 1357 596 1400 initio
629 1362 838 1400 creature
871 1358 1067 1413 penitus
1104 1355 1397 1400 inauditum!
1432 1356 1551 1399 Cum
1581 1355 1650 1396 in-

367 1434 482 1477 felix
513 1434 596 1477 ille
627 1434 707 1490 qui
737 1434 787 1476 in
818 1433 982 1477 decore
1005 1448 1088 1477 suo
1113 1434 1229 1477 olim
1251 1432 1453 1489 perdidit
1475 1432 1651 1487 sapien-

369 1513 484 1555 tiam
514 1517 783 1567 serpentem
815 1512 1051 1567 ingressus
1087 1511 1166 1566 qui
1198 1511 1249 1552 in
1280 1510 1381 1553 celo
1412 1515 1536 1552 stare
1555 1522 1651 1551 non

369 1589 524 1644 potuit
555 1588 717 1632 fraude
749 1602 992 1645 aggressus
1041 1594 1113 1631 est
1158 1602 1278 1640 eum,
1318 1593 1372 1630 ut
1402 1586 1527 1628 sicut
1554 1584 1650 1641 ipse

368 1666 685 1722 prevaricator
716 1665 921 1708 efficeret
955 1664 1112 1708 divini
1151 1663 1375 1708 mandati.
1441 1660 1654 1706 Credidit

371 1743 509 1785 miser
540 1743 660 1785 male
692 1741 909 1786 suadenti
944 1741 1184 1797 acquievit
1209 1739 1451 1784 consensit
1472 1743 1522 1781 et
1541 1737 1654 1780 obli·

370 1827 445 1863 tus
478 1820 567 1863 Dei
599 1819 821 1863 creatoris
854 1819 940 1874 sui,
975 1819 1182 1874 primum
1213 1817 1427 1860 imitatus
1458 1820 1532 1857 est
1552 1829 1653 1871 pre-

371 1898 689 1952 varicatorem,
735 1898 829 1939 imo
879 1903 1279 1952 transgressorem.
1342 1894 1459 1936 Erat
1505 1893 1652 1948 primo

371 1974 546 2029 nudus,
589 1974 774 2018 dicente
817 1974 1050 2029 scriptura
1086 1973 1142 2016 de
1185 1973 1287 2027 ipso
1329 1996 1378 2001 —
1418 1972 1652 2013 Peccante

373 2065 483 2094 vero
513 2051 631 2106 ipso,
665 2051 891 2107 cognovit
923 2064 971 2093 se
1006 2049 1188 2093 nudum
1231 2062 1328 2090 esse
1365 2050 1415 2088 et
1445 2060 1527 2101 per
1557 2059 1654 2088 eru-

374 2128 612 2172 bescentia
634 2142 825 2170 currens
847 2126 906 2169 ad
928 2126 1040 2169 folia
1061 2127 1233 2168 ficuum
1260 2124 1349 2167 sibi
1371 2123 1656 2179 perizomata

376 2205 503 2249 fecit.

464 2280 642 2325 Videns
690 2296 798 2337 ergo
845 2282 1019 2324 sotium
1067 2295 1222 2323 meum
1271 2286 1653 2335 transgressorem

378 2359 595 2403 effectum
627 2364 675 2402 et
706 2364 919 2415 opertum
951 2358 1096 2412 foliis,
1141 2358 1251 2414 quia
1281 2356 1409 2401 aliud
1451 2370 1546 2399 non
1576 2354 1656 2397 ha—
