1702 2722
427 118 476 155 18

421 205 736 262 loquebantur
767 204 977 248 dicentes
1002 230 1052 236 —
1090 206 1202 256 Quis
1234 206 1456 250 ascendet
1486 208 1538 250 in
1569 223 1697 253 mon-

423 288 518 325 tem
538 282 685 325 istum
706 288 754 325 et
771 281 830 325 ad
851 282 1166 326 summitatem
1184 282 1281 326 eius
1302 284 1406 340 quis
1423 285 1698 340 perveniet?

421 357 555 411 Quod
583 358 857 415 intelligens
889 359 1052 403 beatus
1081 360 1358 403 Franciscus
1390 359 1512 404 dixit
1541 362 1609 405 eis
1645 388 1694 394 —

419 437 539 480 Arta
559 441 632 480 est
653 436 743 491 via,
775 436 957 493 fratres,
981 440 1029 480 et
1050 441 1254 495 angusta
1285 443 1417 494 porta
1447 453 1537 494 que
1568 438 1699 483 ducit

418 514 477 557 ad
507 515 655 558 vitam
685 520 733 557 et
754 515 889 570 pauci
908 519 1019 557 sunt
1040 514 1121 571 qui
1139 515 1389 558 inveniant
1410 530 1525 559 eam.
1577 516 1699 560 Gon-

417 590 658 636 fortamini
677 591 728 633 in
759 590 945 634 domino
979 596 1026 634 et
1057 592 1106 632 in
1138 593 1352 650 potentia
1374 593 1567 636 virtutis
1599 593 1698 637 eius

415 671 526 727 quia
555 669 694 712 facile
726 669 819 712 erit
846 668 982 712 nobis
1029 683 1165 711 omne
1199 668 1403 714 difficile.
1457 671 1695 727 Deponite

413 747 618 791 sarcinas
650 746 830 803 proprie
863 746 1120 788 voluntatis
1147 752 1197 788 et
1227 760 1369 790 onera
1400 753 1696 804 peccatorum

413 823 582 867 abicite
630 830 678 865 et
719 822 1024 878 accingimini
1069 828 1293 879 tanquam
1329 825 1422 867 viri
1460 829 1692 881 potentes,

413 903 678 947 Posteriora
695 901 835 945 obliti
851 901 911 945 ad
931 901 1165 944 anteriora
1183 916 1269 944 vos
1286 916 1366 958 pro
1381 916 1518 958 posse
1535 908 1694 946 exten-

413 978 523 1022 dite.
586 978 702 1021 Dico
751 978 885 1020 vobis
910 978 1031 1034 quod
1053 993 1395 1034 quemcumque
1428 980 1580 1022 locum
1603 981 1696 1024 cal-

415 1055 593 1100 caverit
622 1070 704 1112 pes
728 1060 896 1111 vester,
921 1059 1076 1098 vester
1097 1055 1199 1099 erit.
1252 1057 1445 1100 Etenim
1468 1063 1541 1101 est
1562 1058 1696 1115 spiri-

414 1139 490 1177 tus
520 1137 630 1176 ante
671 1131 838 1175 faciem
880 1137 1089 1175 nostram
1127 1133 1335 1176 Christus
1366 1133 1583 1178 dominus
1614 1136 1694 1192 qui

413 1210 571 1254 trahet
601 1224 686 1252 nos
717 1209 775 1252 ad
797 1209 972 1252 montis
994 1210 1235 1253 cacumina
1264 1210 1314 1252 in
1345 1210 1548 1254 vinculis
1579 1213 1694 1255 cari-

413 1286 541 1329 tatis.
590 1285 823 1329 Mirabilis
847 1290 932 1341 est,
956 1284 1143 1341 fratres,
1166 1285 1466 1342 desponsatio
1489 1287 1692 1343 Pauper-

413 1363 540 1415 tatis‚
572 1362 653 1404 sed
685 1362 822 1405 facile
876 1362 1129 1418 poterimus
1170 1363 1318 1418 ipsius
1350 1362 1443 1405 frui
1473 1364 1692 1419 amplexi-

414 1440 512 1495 bus,
545 1439 655 1496 quia
675 1438 799 1482 facta
821 1444 892 1481 est
923 1439 1055 1495 quasi
1088 1438 1232 1482 vidua
1253 1438 1441 1482 domina
1462 1441 1690 1496 gentium,

411 1517 523 1560 vilis
553 1521 602 1560 et
632 1516 982 1559 contemnibilis
1013 1514 1228 1559 omnibus
1259 1516 1424 1572 regina
1445 1515 1690 1559 virtutum.

410 1597 580 1641 Nullus
612 1601 683 1639 est
704 1595 785 1650 qui
818 1611 842 1638 e
872 1594 1061 1650 regione
1094 1594 1291 1637 clamare
1314 1594 1497 1648 audeat,
1530 1594 1689 1638 nullus

411 1674 491 1731 qui
531 1689 579 1717 se
617 1673 751 1717 nobis
789 1677 1016 1728 opponat,
1055 1672 1214 1715 nullus
1245 1673 1326 1728 qui
1358 1673 1445 1715 hoc
1488 1672 1689 1715 salutare

410 1751 731 1795 commertium
753 1750 1001 1807 prohibere
1024 1751 1193 1793 valeat.
1244 1751 1416 1794 Omnes
1432 1750 1570 1792 amici
1588 1750 1688 1792 eius

409 1835 689 1886 spreverunt
718 1828 863 1883 illam,
896 1834 945 1870 et
974 1826 1089 1870 facti
1120 1832 1233 1870 sunt
1264 1827 1309 1871 ei
1338 1827 1527 1870 inimici.

495 1908 560 1951 Et
590 1905 679 1962 hijs
711 1906 927 1948 omnibus
950 1905 1088 1948 dictis
1111 1910 1339 1960 ceperunt
1361 1919 1522 1947 omnes
1544 1903 1691 1947 simul

407 1989 511 2040 post
531 1988 745 2027 sanctum
766 1982 1067 2025 Franciscum
1088 1982 1340 2025 ambulare.
1391 1981 1605 2037 Cumque
1622 1980 1688 2024 fa-

407 2062 582 2105 cillimo
614 2074 777 2117 gressu
817 2065 1121 2117 properarent
1151 2058 1210 2102 ad
1241 2074 1436 2116 summa,
1469 2073 1578 2103 ecce
1609 2057 1689 2102 do-

408 2140 535 2183 mina
572 2140 827 2193 Paupertas
867 2137 918 2179 in
962 2137 1104 2193 ipsius
1143 2135 1316 2180 montis
1349 2136 1526 2180 vertice
1557 2139 1685 2179 stans

407 2217 612 2274 respexit
641 2230 723 2273 per
753 2215 926 2258 montis
957 2215 1147 2259 devexa.
1211 2217 1277 2258 Et
1308 2215 1475 2259 videns
1503 2214 1586 2258 hos
1617 2215 1685 2257 vi-

406 2310 480 2338 ros
513 2298 609 2338 tam
639 2296 856 2350 potenter
887 2291 1196 2335 ascendentes
1227 2292 1321 2335 imo
1353 2292 1580 2347 volantes,
1602 2291 1686 2334 mi-

407 2375 509 2414 rata
533 2375 605 2414 est
625 2369 932 2411 vehementer
953 2373 1003 2411 et
1024 2367 1144 2410 dixit
1164 2393 1212 2399 —
1241 2368 1330 2420 Qui
1351 2372 1463 2411 sunt
1491 2367 1572 2411 isti
1602 2367 1684 2424 qui
