1702 2722
367 120 418 158 28

365 225 484 254 unus
516 224 674 254 eorum
715 210 1022 255 fidentissime
1062 212 1342 269 loquebatur
1371 213 1436 255 sic
1479 212 1639 257 dicens

366 313 427 319 -—
456 288 615 331 Nichil
648 288 795 332 audeo
838 289 964 346 loqui
1008 289 1184 346 aliquid
1227 304 1383 332 eorum
1428 304 1518 347 que
1560 305 1642 347 per

366 379 439 407 me
472 379 568 408 non
601 365 743 408 efficit
786 365 998 409 Christus
1041 366 1093 408 in
1135 365 1268 409 factis
1311 371 1358 408 et
1399 366 1553 410 verbis
1594 373 1643 410 et

367 442 545 485 virtute
576 442 769 499 spiritus
801 443 967 487 sancti.
1029 445 1095 487 Et
1125 443 1242 486 alius
1281 442 1467 500 quidem
1498 444 1563 487 sic
1585 469 1644 475 ——

367 518 632 576 Argentum
664 526 711 563 et
732 534 893 563 aurum
915 535 1009 563 non
1032 524 1102 563 est
1124 520 1279 564 michi.
1312 522 1376 563 Et
1397 520 1462 563 sic
1484 534 1643 564 omnes

367 596 418 639 in
451 596 553 639 vita
584 601 632 639 et
661 596 711 638 in
743 600 891 640 morte
925 612 996 639 me
1028 597 1220 640 summis
1253 598 1482 654 preconiis
1514 603 1644 640 extu-

367 675 536 717 lerunt.
600 672 853 717 Auditores
893 689 1052 718 eorum
1092 675 1245 718 omnia
1275 674 1531 731 adimplere
1567 689 1644 717 cu-

367 750 535 794 rabant
566 765 655 807 que
688 766 714 793 a
751 751 988 807 magistris
1018 752 1114 794 suis
1147 751 1555 795 annuntiabantur
1579 751 1646 794 eis

368 834 418 871 et
448 827 704 871 vendentes
736 828 1051 883 possessiones
1084 834 1132 871 et
1153 828 1434 872 substantias
1455 843 1559 871 suas
1580 827 1645 871 di-

368 905 594 949 videbant
636 905 853 948 omnibus
901 908 1041 960 prout
1088 904 1343 961 unicuique
1387 919 1501 960 opus
1531 908 1643 948 erat.

367 985 518 1028 Erant
549 997 710 1026 omnes
741 983 918 1039 pariter
949 987 997 1025 et
1027 981 1270 1026 habebant
1308 981 1466 1024 omnia
1495 995 1647 1024 comu-

369 1061 448 1104 nia
479 1059 802 1104 collaudantes
834 1061 987 1103 Deum
1019 1063 1067 1101 et
1097 1058 1330 1102 habentes
1361 1058 1559 1114 gratiam
1589 1057 1647 1100 ad

369 1153 554 1182 omnem
592 1138 793 1194 plebem.

458 1214 570 1259 Ideo
605 1215 834 1259 Dominus
866 1213 1066 1269 augebat
1097 1209 1273 1256 cotidie
1310 1212 1389 1268 qui
1425 1211 1543 1255 salvi
1574 1211 1649 1254 fie—

368 1296 476 1336 rant
505 1293 556 1335 in
588 1292 803 1348 idipsum.
849 1292 1077 1347 Tempore
1109 1289 1298 1346 quidem
1320 1290 1461 1346 longo
1484 1287 1648 1331 horum

370 1368 602 1412 dictorum
634 1368 810 1411 veritas
850 1366 1107 1423 permansit
1151 1364 1273 1421 apud
1305 1364 1475 1407 multos
1504 1362 1649 1419 preci-

370 1460 461 1501 pue
510 1461 616 1488 cum
657 1444 810 1488 adhuc
851 1442 1044 1500 sanguis
1087 1442 1304 1498 pauperis
1346 1439 1556 1483 crucifixi
1596 1439 1648 1482 in

370 1537 527 1565 eorum
559 1520 780 1564 memoria
811 1518 989 1562 calidus
1022 1523 1157 1571 esset,
1190 1521 1240 1560 et
1273 1517 1395 1560 calix
1425 1515 1648 1573 passionis

370 1599 468 1643 eius
502 1598 741 1655 preclarus
773 1596 1033 1640 inebriaret
1066 1594 1204 1638 corda
1237 1608 1410 1637 eorum.
1473 1592 1591 1635 Nam
1612 1591 1650 1633 si

370 1675 450 1732 qui
488 1675 546 1717 ad
578 1675 741 1717 horam
781 1688 854 1715 me
897 1687 980 1728 pro
1023 1672 1171 1714 nimia
1212 1670 1468 1714 acerbitate
1510 1667 1649 1712 relin-

373 1766 512 1809 quere
546 1754 903 1807 temptarentur‚
927 1749 1175 1792 vulnerum
1198 1746 1377 1792 domini
1407 1744 1649 1790 recordan-

371 1837 444 1874 tes
475 1845 558 1886 per
590 1844 728 1885 quem
759 1827 991 1884 patebant
1022 1827 1204 1870 viscera
1233 1824 1426 1881 pietatis
1456 1823 1514 1866 de
1536 1828 1650 1865 tem-

372 1907 585 1963 ptatione
618 1921 666 1948 se
698 1904 910 1961 graviter
939 1904 1202 1960 puniebant
1235 1906 1283 1944 et
1311 1900 1428 1944 mihi
1460 1898 1651 1942 adhere-

372 1984 488 2027 bant
516 1982 684 2025 fortius
722 1986 771 2024 et
811 1981 1197 2037 amplexabantur
1243 1976 1494 2021 ardentius,
1547 1976 1649 2032 Ego

373 2074 483 2104 vero
516 2059 697 2102 cunctis
729 2059 921 2114 ineram,
953 2072 1113 2101 eorum
1143 2055 1365 2099 memorie
1398 2054 1552 2097 eterni
1582 2067 1649 2096 re-

372 2139 443 2193 gis
474 2124 698 2193 pastionis
729 2135 910 2179 dolores
947 2149 1127 2190 semper
1167 2133 1419 2176 inculcans,
1483 2131 1651 2186 Itaque

375 2214 530 2258 verbis
561 2213 673 2256 meis
697 2211 949 2256 confortati
969 2226 1067 2254 non
1088 2225 1253 2266 parum
1274 2208 1450 2252 ferrum
1482 2208 1652 2251 lacera-

374 2308 423 2335 re
454 2306 620 2347 corpus
651 2291 890 2347 proprium
913 2290 1119 2332 libenter
1149 2287 1474 2344 suscipiebant,
1497 2291 1545 2329 et
1561 2284 1652 2328 ala-

374 2369 519 2412 criter
551 2366 606 2411 de
650 2382 785 2411 carne
826 2381 908 2409 sua
948 2381 1128 2409 sacrum
1170 2364 1424 2407 cernebant
1464 2375 1650 2405 manare
