1702 2722
366 128 420 167 42

367 223 524 261 nostra
554 232 690 273 super
720 217 1010 261 sermonibus
1042 218 1134 260 tuis
1163 222 1212 262 et
1243 233 1381 276 super
1416 220 1647 276 sapientia

368 280 462 340 tua.
514 296 578 339 Et
607 295 755 339 multo
788 295 932 338 maior
967 299 1036 338 est
1059 295 1290 351 sapientia
1311 301 1393 340 tua
1415 312 1553 353 quam
1573 313 1647 341 ru-

368 386 468 414 mor
499 386 636 428 quem
658 370 936 415 audivimus.
960 372 1098 414 Beati
1121 371 1212 414 viri
1244 372 1316 415 tui
1339 378 1388 416 et
1407 373 1536 417 beati
1556 388 1646 416 ser-

367 449 417 493 vi
446 449 533 502 tui;
563 447 630 490 hii
661 449 741 506 qui
773 454 880 491 sunt
913 463 1065 493 coram
1099 455 1146 492 te
1168 464 1349 506 semper
1370 455 1420 494 et
1447 450 1648 496 audiunt

367 526 645 583 sapientiam
687 531 828 570 tuam.
891 527 964 570 Sit
1002 526 1216 570 dominus
1260 528 1387 570 Deus
1424 531 1535 571 tuus
1573 529 1648 572 be-

369 603 585 647 nedictus
616 604 665 646 in
697 605 870 659 secula,
902 605 979 647 cui
998 605 1216 660 placuisti
1236 606 1286 648 in
1308 606 1647 662 sempiternum

368 688 416 725 et
447 680 612 725 dilexit
643 687 689 725 te
722 687 770 724 et
809 682 1058 725 constituit
1100 686 1147 724 te
1184 683 1397 739 reginam
1438 688 1493 726 ut
1529 684 1648 728 face·

367 773 440 801 res
470 757 832 801 misericordiam
864 765 911 801 et
941 757 1169 801 iudicium
1199 758 1251 801 in
1276 759 1424 802 servis
1446 760 1553 804 tuis.
1608 761 1644 804 O

367 850 503 891 quam
534 836 685 879 bonus
718 841 765 878 et
801 836 957 879 suavis
999 840 1072 878 est
1109 835 1300 891 spiritus
1337 840 1458 893 tuus,
1508 838 1647 880 corri-

367 913 502 970 piens
533 918 741 957 errantes
773 917 822 956 et
853 917 1100 970 peccantes
1120 912 1387 957 admonens.
1422 915 1547 958 Ecce
1569 913 1646 958 do-

368 990 496 1033 mina
526 1004 608 1046 per
638 988 882 1033 caritatem
914 990 1038 1047 regis
1071 991 1225 1032 eterni
1268 1005 1360 1046 qua
1399 989 1568 1033 dilexit
1599 996 1647 1035 te

370 1074 418 1112 et
450 1082 533 1124 per
562 1067 693 1111 illam
725 1082 814 1124 qua
847 1066 1005 1122 diligis
1037 1082 1157 1123 eum,
1191 1072 1238 1110 te
1261 1067 1561 1111 obsecramus
1593 1073 1649 1111 ut

369 1160 465 1189 11011
495 1143 679 1188 fraudes
709 1158 792 1187 1103
829 1160 856 1187 a
893 1143 1119 1187 desiderio
1155 1149 1335 1198 nostro,
1379 1143 1459 1187 sed
1505 1142 1648 1188 facias

368 1224 610 1268 nobiscum
631 1224 764 1267 iuxta
784 1222 1145 1267 misericordiam
1163 1229 1292 1267 tuam
1313 1229 1362 1266 et
1384 1228 1648 1266 mansuetu-

370 1300 539 1345 dinem.
572 1301 745 1356 Magna
767 1302 891 1344 enim
924 1306 1038 1344 sunt
1068 1315 1208 1357 opera
1240 1307 1322 1344 tua
1342 1306 1392 1345 et
1412 1301 1646 1345 inenarra-

369 1378 492 1431 bilia,
524 1381 713 1433 propter
743 1378 831 1421 hoc
864 1377 1213 1434 indisciplinate
1247 1378 1403 1420 anime
1434 1384 1592 1421 errant
1621 1392 1648 1421 a

369 1461 416 1499 te
448 1459 496 1497 et
527 1455 623 1497 sola
653 1454 832 1498 incedis
864 1453 1075 1509 undique
1108 1454 1377 1511 soropulosa
1397 1461 1452 1498 ut
1473 1459 1649 1498 castro-

367 1547 472 1576 rum
502 1531 624 1575 acies
645 1531 861 1575 ordinata
891 1536 940 1575 et
961 1546 1058 1575 non
1079 1535 1278 1587 possunt
1299 1537 1457 1574 tecum
1478 1531 1649 1575 morari

369 1609 656 1666 insipientes.
691 1608 783 1653 Sed
805 1624 910 1652 6006
933 1623 1017 1653 1103
1040 1609 1164 1652 servi
1187 1609 1258 1652 tui
1290 1623 1447 1652 sumus
1469 1614 1517 1652 et
1537 1623 1650 1652 oves

369 1701 536 1743 pascue
577 1691 670 1730 tue.
716 1687 774 1729 In
817 1691 1034 1729 eternum
1074 1693 1123 1730 et
1158 1687 1210 1729 in
1255 1685 1464 1729 seculum
1504 1686 1648 1730 seculi

370 1762 627 1807 iuravimus
660 1767 708 1806 et
739 1763 988 1806 statuimus
1019 1762 1254 1806 custodire
1274 1761 1448 1806 iudicia
1468 1762 1647 1806 iustitie

370 1845 462 1884 tue.

460 1917 700 1960 Commota
731 1920 842 1958 sunt
882 1915 940 1959 ad
971 1916 1056 1959 hec
1088 1917 1268 1959 viscera
1307 1914 1495 1959 domine
1528 1915 1646 1958 Pau-

371 1994 581 2050 pertatis,
602 1997 648 2036 et
670 1993 794 2036 sicut
817 1994 1054 2049 proprium
1076 1996 1148 2036 est
1171 1993 1214 2036 ei
1234 1992 1446 2035 misereri
1469 2007 1651 2048 semper

369 2075 419 2114 et
450 2084 635 2126 parcere
668 2070 793 2113 ultra
814 2085 861 2112 se
893 2070 1132 2113 continere
1164 2084 1259 2112 non
1291 2069 1456 2112 valens
1490 2083 1650 2112 0110111-

367 2147 434 2191 rit
463 2152 512 2190 et
547 2148 809 2203 amplexata
839 2152 911 2190 est
947 2161 1024 2190 eos
1061 2161 1114 2190 ac
1146 2145 1270 2203 pacis
1301 2146 1511 2190 osculum
1546 2145 1647 2189 uni-

322 2233 324 2235 '
371 2225 539 2282 cuique
571 2225 768 2281 prebens
801 2223 937 2269 dixit.
975 2250 1024 2256 —
1052 2225 1174 2268 Ecce
1190 2223 1290 2280 jam
1321 2223 1460 2267 venio
1481 2222 1648 2267 fratres

375 2306 422 2345 et
442 2301 529 2344 filii
553 2306 644 2344 mei
667 2300 918 2357 vobiscum,
943 2299 1094 2343 sciens
1115 2315 1188 2343 me
1212 2299 1268 2343 (16
1291 2299 1424 2343 vobis
1445 2300 1652 2342 lucratu-

372 2392 469 2422 ram
493 2393 631 2434 quam
651 2378 814 2434 plures.
879 2378 1058 2421 Beatus
1081 2380 1237 2420 autem
1258 2376 1533 2420 Franciscus
1553 2389 1648 2418 non
