1702 2722
1373 142 1423 180 51

142 238 192 277 et
206 233 304 289 ipsa
335 232 502 290 probat
523 232 616 276 iam
639 230 719 275 diu
741 231 980 275 adulteros
1013 236 1063 275 et
1093 245 1187 281 non
1217 245 1420 288 sponsos·

143 309 282 364 Vide,
327 309 516 353 domine
556 309 684 365 Jesu‚
724 308 834 366 quia
864 309 1122 364 Paupertas
1164 322 1246 365 pro
1288 313 1422 353 tanto

142 394 215 432 est
246 387 412 444 regina
443 387 676 431 virtutum
696 401 779 443 pro
811 389 990 443 quanto
1022 385 1203 429 relictis
1234 387 1425 443 angelo-

142 480 242 508 rum
274 464 462 508 sedibus
483 461 768 507 descendisti
789 462 847 505 ad
872 467 1032 519 terras,
1057 466 1111 504 ut
1141 462 1288 519 ipsam
1319 477 1424 519 pos-

141 557 212 587 ses
243 541 471 586 charitate
503 546 729 597 perpetua
761 539 1041 597 desponsare
1075 545 1123 583 et
1145 554 1305 583 omnes
1326 555 1423 595 per-

139 618 357 664 fectionis
381 618 499 662 filios
521 618 627 674 ipsa
649 623 695 661 et
719 632 776 660 ex
797 617 900 673 ipsa
923 620 972 660 et
987 632 1070 674 per
1090 616 1238 674 ipsam
1255 616 1422 674 perdu-

141 711 258 740 cere.
324 696 422 748 Que
446 700 494 738 et
525 694 616 738 tibi
657 709 762 738 cum
794 699 928 738 tanta
962 693 1191 739 fidelitate
1223 694 1422 748 adhesit,

142 771 264 830 quod
277 776 324 815 et
333 772 386 815 in
402 771 564 816 matris
582 777 715 815 utero
733 771 981 816 inchoavit
997 787 1132 815 suum
1148 772 1421 829 obsequium

142 849 254 893 dum
274 863 439 906 corpus
471 848 726 894 animatum
762 855 815 893 ut
847 848 1053 893 creditur
1085 849 1292 894 habuisti
1330 865 1424 893 om-

139 927 270 970 nium
287 925 560 981 minimum;
585 926 667 970 sed
690 930 738 970 et
761 928 995 970 orientem
1018 941 1076 969 ex
1096 930 1232 970 utero
1253 927 1303 970 in
1321 941 1423 983 pre-

141 1004 270 1061 sepio
292 1009 452 1048 sancto
474 1005 654 1060 recepit
676 1010 725 1048 et
765 1005 972 1061 stabulo,
995 1010 1043 1048 et
1066 1010 1424 1049 conversantem

141 1082 191 1124 in
213 1080 385 1125 mundo
417 1082 480 1125 sic
512 1082 726 1125 omnibus
759 1086 805 1124 te
829 1081 1052 1139 privavit,
1078 1086 1130 1125 ut
1152 1082 1322 1139 capitis
1353 1081 1424 1126 in-

140 1159 387 1203 clinatorio
409 1158 584 1203 faceret
616 1163 662 1202 te
706 1173 875 1203 carere.
931 1159 1022 1204 Sed
1056 1164 1104 1203 et
1147 1158 1422 1204 fidelissima

139 1237 376 1281 consorcia
406 1236 516 1280 dum
563 1237 622 1282 ad
664 1236 843 1280 bellum
885 1242 1044 1280 nostre
1085 1235 1420 1294 redemptionis

139 1314 391 1370 accederes,
423 1331 470 1358 se
517 1320 588 1358 est
622 1315 843 1359 comitata
874 1313 1103 1358 fideliter:
1148 1320 1197 1357 et
1237 1314 1286 1356 in
1318 1315 1419 1371 ipso

139 1392 363 1448 passionis
385 1390 605 1435 conflictu
628 1391 905 1436 individuus
933 1391 1135 1448 armiger
1165 1390 1351 1436 adstitit
1372 1395 1420 1434 et

141 1468 379 1525 discipulis
429 1468 755 1513 recedentibus
809 1476 856 1512 et
903 1469 1192 1526 negantibus
1246 1483 1418 1513 nomen

142 1552 274 1590 tuum
304 1550 404 1601 ipsa
444 1562 540 1590 non
572 1545 786 1590 discessit
826 1546 907 1590 sed
939 1552 987 1590 te
1021 1551 1135 1589 tunc
1167 1561 1274 1590 cum
1316 1551 1419 1590 toto

140 1626 366 1670 comitatu
409 1640 596 1670 suorum
642 1625 905 1682 principum
953 1624 1158 1668 fideliter
1205 1625 1415 1670 sociavit.

139 1703 288 1746 Immo
330 1703 430 1760 ipsa
467 1709 613 1747 matre
661 1707 851 1760 propter
900 1702 1205 1747 altitudinem
1255 1704 1417 1760 crucis‚

139 1794 230 1837 que
263 1785 416 1824 tamen
451 1786 498 1824 te
540 1781 641 1825 sola
682 1786 794 1825 tunc
836 1781 1043 1825 fideliter
1085 1780 1234 1824 coluit
1276 1785 1323 1824 et
1353 1780 1419 1825 af-

137 1857 264 1902 fectu
293 1859 432 1903 anxio
467 1859 559 1903 tuis
581 1861 869 1916 passionibus
895 1860 1057 1904 iuncta
1085 1858 1192 1915 fuit,
1224 1860 1326 1916 ipsa
1347 1860 1416 1903 in-

137 1950 275 1992 quam
305 1937 391 1980 tali
423 1943 568 1981 matre
602 1943 648 1981 te
682 1953 778 1982 non
800 1939 990 1983 valente
1023 1937 1311 1995 contingere,
1336 1937 1417 1981 do·

137 2012 266 2057 mina
311 2015 567 2071 Paupertas
614 2030 723 2059 cum
770 2016 990 2060 omnibus
1037 2016 1135 2059 suis
1182 2016 1414 2071 penuriis,

140 2098 358 2148 tanquam
405 2093 495 2136 sibi
545 2094 839 2151 gratissimus
891 2093 1168 2138 domicellus
1215 2098 1263 2138 te
1309 2095 1413 2151 plus

137 2184 275 2226 quam
305 2185 511 2228 uuquam
540 2170 635 2218 fuit
674 2172 888 2216 strictius
932 2172 1198 2229 amplexata
1239 2178 1287 2216 et
1330 2177 1412 2217 tuo

135 2247 344 2291 cruciatu
375 2248 738 2305 precordialibus
758 2249 941 2305 iuncta;
966 2254 1159 2306 propter
1180 2248 1305 2306 quod
1329 2265 1413 2294 nec

135 2325 225 2370 sibi
255 2325 443 2370 vacavit
474 2341 656 2371 crucem
688 2327 848 2385 polire,
892 2342 979 2371 nec
1020 2328 1254 2371 rusticano
1287 2342 1413 2371 more

136 2416 432 2459 componere:
466 2408 515 2447 et
546 2404 667 2460 ipsos
697 2405 853 2449 clavos
883 2409 938 2449 ut
980 2403 1186 2449 creditur
1230 2420 1327 2449 non
1359 2405 1410 2448 in
